2509 3875
275 373 331 430 134
531 365 809 436 AENEIDOS,
981 371 1070 435 v.71.

272 521 427 598 Nymphae,
458 523 614 582 Laurentes
638 523 793 600 Nymphae,
824 539 913 597 genus
935 518 1072 578 amnibus

350 624 493 696 undeest3
588 606 592 611 ⁵

272 727 386 802 Tuque,
396 746 415 784 o
422 727 535 803 Thybri
546 737 595 785 tuo
603 727 730 804 genitor!
752 736 819 784 eum
830 725 952 784 flumine
963 723 1070 793 saneto,

274 829 410 906 Adcipite
423 829 549 898 AEnean,
569 839 598 887 et
611 830 727 888 tandem
741 837 833 886 arcete
846 827 968 903 periclis.
990 893 999 900 ,

275 931 344 988 Quo
367 940 543 1005 tecumque
568 931 655 999 lacus,
682 929 864 990 miserantem
887 928 1069 988 incommoda

353 1033 454 1100 nostra,

273 1134 364 1192 Fonte
378 1143 466 1205 tenet,
487 1155 668 1213 quocumque
681 1137 740 1195 solo
754 1134 960 1214 pulcherrimus
973 1131 1047 1203 exim

274 1236 390 1312 Semper
402 1237 510 1295 honore
523 1257 597 1307 meo,
617 1239 728 1315 semper
740 1239 917 1296 celebrabere
929 1235 1020 1305 donis,

274 1338 415 1415 Corniger
428 1340 619 1418 Hesperidum
632 1341 736 1398 fluvius
749 1349 882 1418 regnator
894 1355 1041 1415 aquarum.

274 1441 358 1500 Adsis
370 1463 388 1500 ο
401 1444 528 1501 tantum!
550 1453 580 1500 et
592 1444 708 1520 propius
722 1454 771 1502 tua
784 1443 902 1500 numina
915 1442 1019 1500 firmes.

313 1545 359 1601 Sic
368 1554 516 1615 memorat,
528 1545 715 1622 geminasque
724 1545 796 1621 legit
806 1545 843 1602 de
852 1544 933 1602 claffe
944 1542 1071 1612 biremis,

274 1646 463 1724 Remigioque
475 1657 569 1722 aptat;
590 1646 678 1705 socios
692 1647 775 1704 simul
787 1647 901 1704 instruit
914 1645 1006 1704 armis.

273 1749 349 1806 Ecce
362 1758 468 1819 autem,
489 1747 618 1811 subitum
631 1757 718 1826 atque
730 1749 820 1808 oculis
837 1748 968 1810 mirabile
987 1767 1071 1808 mon·

352 1851 453 1909 sirum!

274 1956 404 2013 Candida
416 1975 467 2033 per
480 1957 577 2015 silvam
589 1976 657 2013 cum
670 1956 732 2013 fetu
744 1955 877 2013 concolor
889 1956 952 2013 albo

273 2058 437 2126 Procubuit,
456 2058 599 2132 viridique
612 2058 644 2114 in
656 2058 740 2115 litore
753 2057 936 2133 conspicitur,
956 2055 1014 2115 sus:
1060 2116 1064 2123 ,

274 2161 372 2217 Quam
386 2160 450 2234 pius
462 2160 572 2216 AEneas
584 2160 637 2216 tibi
650 2140 737 2230 enirn,
755 2160 818 2228 tibi,
836 2179 971 2217 maxuma
981 2162 1069 2237 Juno,

273 2261 392 2327 Maure,
411 2259 488 2317 sacra
507 2261 610 2328 serens,
630 2272 738 2318 etcum
752 2280 838 2338 grege
852 2262 919 2319 fluit
932 2263 967 2319 ad
981 2280 1070 2327 aram,

273 2361 398 2437 Thybris
408 2361 443 2418 ei
455 2361 588 2432 fluvium,
600 2381 688 2438 quarn
699 2364 785 2439 longa
798 2363 846 2439 est,
860 2364 941 2427 noste
955 2374 1070 2435 tumen·
1179 2360 1180 2368 ’

351 2473 412 2519 tem

273 2565 380 2633 Leniit‚
399 2575 429 2621 et
442 2564 529 2623 tacite
541 2566 664 2625 refluens
675 2567 716 2625 ita
730 2567 853 2631 substitit
865 2569 951 2638 undi,
1067 2616 1069 2621 .

273 2669 357 2727 Mitis
369 2667 447 2725 utin
460 2686 570 2724 morem
582 2668 682 2743 stagni,
702 2670 877 2746 placidaeque
891 2655 1011 2747 paludis,
1129 2672 1139 2682 “

274 2775 416 2830 Sterneret
428 2788 525 2845 aequor
537 2770 626 2845 aquis,
647 2790 725 2828 remo
737 2783 771 2829 ut
784 2772 927 2831 lubtnmen
941 2774 1067 2842 abesset,

273 2878 350 2951 Ergo
362 2874 418 2931 iter
430 2872 577 2947 inceptum
589 2871 714 2929 celerant
718 2898 726 2943 5
748 2892 860 2931 rumore
874 2875 997 2934 secundo

273 2976 394 3046 Labitur
404 2974 490 3033 untia
502 2973 582 3031 vadis
595 2973 686 3030 abies:
710 2975 850 3033 mirantur
863 2987 892 3033 et
905 2980 998 3047 undae,

273 3080 399 3137 Miratur
412 3096 512 3137 nemus
523 3076 678 3143 insuetum,
697 3078 841 3153 fulgentia
853 3080 939 3157 longo

274 3183 359 3239 Scuta
371 3183 465 3240 virium
478 3181 576 3250 fluvio,
596 3180 740 3257 pistasque
757 3181 856 3239 innare
869 3183 987 3241 carinas.

272 3284 333 3375 Qui
345 3284 467 3361 remigio
485 3285 664 3361 nostemque,
685 3284 827 3362 diemque,
847 3286 985 3363 fatigant3
1066 3332 1069 3339 r
