2509 3875
172 379 292 429 naas.
502 370 602 429 ΜΒ.
641 370 680 429 V.
951 377 991 429 4³

111 596 117 625 Ι
172 530 295 606 Turpia
309 530 440 585 membra
450 528 530 585 fimo.
570 526 644 585 nint
656 535 739 603 pater
749 525 876 604 optimus
887 525 949 596 olli,

172 634 210 691 Et
224 633 366 709 clipeum
379 630 475 689 efferri
482 629 573 705 juffit,
592 629 785 707 Didymaonis
796 638 880 700 aste,

173 736 331 813 Neptuni,
352 735 430 793 acro
443 735 560 803 Danais,
580 736 617 792 de
628 734 707 811 poste
718 733 859 792 refixumz
875 756 882 765 ·

173 839 244 899 Hoc
255 840 402 917 juvenem
413 839 563 917 egregium
581 837 726 916 prestanti
738 855 858 895 munere
869 839 968 896 donat

111 966 112 1013 3
213 946 298 1013 Post,
318 944 371 1001 nbi
384 943 509 1001 consedi
523 942 630 1011 cursus,
649 952 680 999 et
692 942 766 999 dona
779 940 907 1019 peregit:

111 1070 112 1113 l
173 1047 285 1117 Nunc,
301 1046 381 1105 ficui
391 1047 490 1116 virtus,
503 1047 674 1121 animusque
687 1047 717 1103 in
730 1046 845 1123 pedore
856 1045 987 1123 prodens,

174 1152 279 1221 Adfit,
300 1160 330 1208 et
343 1150 464 1208 evinctis
476 1149 595 1208 adtollat
609 1148 725 1206 brachia
738 1148 850 1225 palmia.

176 1253 224 1311 Sic
239 1254 298 1323 ait,
319 1264 349 1312 et
361 1254 512 1331 geminum
522 1271 627 1331 pugnae
639 1251 774 1329 proponit
786 1251 937 1313 bonorem:

176 1356 308 1427 Victori,
327 1358 453 1416 velatum
467 1377 536 1415 auro
548 1356 695 1432 vittisque,
710 1354 885 1433 juvencum

178 1460 302 1529 linirem,
322 1470 409 1537 atque
423 1462 564 1538 infignem
576 1460 698 1537 galeam,
718 1459 817 1518 solatia
830 1460 914 1519 vieo.

216 1561 290 1623 Nec
304 1584 394 1633 mora,
414 1564 554 1623 continno
566 1564 649 1622 vastis
662 1583 731 1621 cum
743 1563 852 1622 viribus
863 1563 948 1621 effert

180 1665 242 1726 Ora
257 1670 358 1736 Darei,
378 1687 541 1745 magnoque
553 1668 649 1726 virirm
661 1669 690 1725 se
700 1686 848 1726 murmure
860 1667 952 1724 tollit:

181 1771 267 1829 Solus
280 1772 331 1847 qui
344 1772 474 1830 Paridem
486 1772 583 1830 solitus
595 1773 768 1829 contendere
780 1780 892 1842 contra,

181 1872 327 1953 Idemque
352 1876 389 1933 ad
415 1876 571 1947 tumulum,
605 1894 663 1952 qno
687 1893 840 1933 maxumus
865 1875 986 1933 occubat

264 1981 383 2049 Hector,

183 2083 335 2142 Victorem
347 2086 451 2154 Buten,
470 2083 582 2142 inmani
598 2102 716 2162 corpore
727 2081 779 2158 qni
791 2080 829 2152 se,

182 2185 326 2264 Bebrycii
338 2188 455 2246 veniens
468 2187 575 2264 Amyci
588 2189 624 2245 de
637 2198 732 2265 gente,
750 2188 870 2257 serebat,

185 2290 322 2363 Perculit,
341 2300 372 2349 et
385 2291 465 2348 fulvi
477 2292 682 2356 moribundum
694 2291 826 2350 extendit
837 2291 931 2350 areni.

184 2393 268 2452 Talis
280 2396 372 2472 prima
384 2397 474 2454 Dares
486 2406 572 2472 caput
586 2395 678 2453 altum
689 2394 722 2452 in
734 2395 835 2472 proelia
847 2395 935 2466 tollit,

187 2497 378 2575 Ostenditque
390 2499 522 2556 humeros
535 2499 616 2569 latos,
637 2499 803 2576 alternaque
811 2498 901 2576 jadat

188 2600 309 2660 Brachia
321 2603 502 2679 protendens,
521 2615 551 2660 et
564 2605 694 2661 verberat
705 2602 811 2661 ictibus
821 2623 912 2661 auras.

188 2704 338 2764 Quaerimr
357 2705 426 2764 huic
450 2707 548 2764 alius:
566 2725 619 2764 nec
640 2707 792 2784 quisquam
811 2727 849 2764 ex
868 2704 985 2783 agmine

268 2819 349 2868 tanto

189 2913 287 2971 Audet
300 2913 378 2972 adire
390 2913 494 2982 virum,
514 2915 705 2991 manibusque
719 2913 854 2972 inducere
865 2911 964 2969 cestus.

189 3016 265 3094 Ergo
276 3017 384 3086 alacris,
405 3017 578 3094 cunctosque
590 3028 694 3096 putans
705 3017 842 3076 excedere
853 3016 959 3092 palmi,

189 3119 292 3178 AEneae
304 3121 381 3178 stetit
394 3131 460 3180 ante
472 3123 572 3200 pedes;
593 3142 647 3181 nec
659 3123 741 3198 plura
753 3129 888 3190 moratus,

189 3221 266 3281 Tum
277 3225 349 3282 levi
362 3235 477 3284 taurum
489 3247 578 3285 como
592 3235 679 3295 tenet,
700 3233 787 3302 atque
798 3225 841 3284 ita
853 3225 943 3284 fatur:

191 3324 267 3386 Nate
281 3328 342 3400 ded,
361 3329 384 3388 fi
395 3349 482 3390 nemo
494 3331 581 3392 audet
593 3329 622 3388 se
635 3329 750 3387 credere
762 3348 876 3406 pugnae,
