2509 3875
226 362 254 402 v.
266 350 331 405 832.
526 348 625 409 ΜΒ,
665 348 733 405 XII.
964 351 1024 417 297

227 502 337 559 Verum
349 520 410 577 age,
424 510 454 560 et
464 502 610 580 inceptum
624 504 725 562 frustra
738 501 874 561 submitte
886 501 1022 559 furorem.

228 604 284 671 Do,
295 604 372 679 quod
383 604 424 661 vis
429 629 438 675 3
461 616 489 661 et
500 606 711 681 monitusque,
721 606 884 681 volensque,
895 602 1022 661 remitto.

228 706 392 763 Sermonem
407 707 527 764 Ausonii
540 708 676 785 patrium,
690 726 848 783 moresque,
867 707 1005 763 tenebunt
1010 729 1020 775 ς

227 808 326 882 thue
339 808 389 875 est,
406 826 509 865 nomen
521 810 589 866 erit:
612 810 752 867 conmixti
764 827 881 885 corpore
893 816 1009 865 tantum

228 909 377 967 Subsident
389 910 503 967 Teucri.
542 912 666 979 Morem,
686 912 814 986 ritusque
830 910 982 978 sacrorum,

228 1010 370 1088 Adjiciam
376 1038 385 1084 5
406 1012 567 1089 faciamque
579 1014 672 1071 omnis
684 1033 742 1071 uno
755 1032 803 1070 ore
818 1012 942 1070 Latinos.

229 1112 306 1171 Hinc
320 1132 422 1190 genus‚·
438 1114 566 1173 Ausonio
579 1116 703 1173 mixtum
715 1116 792 1191 quod
809 1114 946 1191 sanguine
959 1112 1021 1171 sur·

306 1228 364 1293 get,

228 1320 316 1395 Supra
331 1319 469 1387 homines,
489 1322 572 1396 supra
585 1319 626 1377 ire
640 1321 715 1386 deos,
735 1319 841 1395 pietate
855 1318 963 1377 videbis
968 1343 977 1390 3

227 1422 292 1479 Nec
305 1426 374 1497 gens
385 1424 442 1479 ulia
456 1432 519 1479 tuos
531 1441 612 1497 aeque
624 1423 778 1480 celebrabit
791 1424 919 1482 honores.

228 1524 341 1580 Adnuit
353 1524 397 1580 his
409 1526 494 1601 Juno,
515 1532 545 1581 et
557 1532 685 1581 mentem
696 1525 789 1581 letata
802 1526 933 1584 retorfit..

228 1626 338 1682 Interea
351 1625 463 1682 excedit
476 1626 557 1694 coelo,
578 1628 741 1701 nubemque
754 1626 879 1702 reliquit.

267 1728 321 1784 His
334 1728 410 1796 attis,
431 1728 509 1785 aliud
521 1726 643 1785 Genitor
655 1727 751 1784 secum
763 1726 823 1803 ipse
835 1729 957 1785 volutatt

229 1831 438 1905 Juturnamque
450 1838 530 1905 parat
543 1829 637 1885 fratris
650 1828 794 1887 dimittere
806 1831 843 1887 ab
855 1830 950 1889 annin.

228 1931 374 1992 Dicuntur
386 1931 509 2009 geminae
522 1931 619 2007 pestes,
637 1930 808 2006 cognomine
821 1930 907 2000 Dirae,

228 2036 318 2103 Quas,
338 2044 368 2092 et
380 2036 545 2092 Tartaream
558 2033 625 2090 Nox
639 2031 803 2108 intempesta
817 2034 975 2110 Megaeram

228 2138 295 2196 Uno
308 2138 464 2212 eodemque
478 2135 544 2192 tulit
556 2143 650 2210 partu,
670 2133 841 2210 paribusque
856 2135 981 2207 revinxit

227 2241 395 2315 Serpentum
408 2236 497 2313 spiris,
517 2235 702 2310 ventosasque
714 2236 823 2293 addidit
837 2237 904 2296 alas.
1004 2300 1011 2313 ,

228 2343 283 2399 Hae
296 2341 373 2418 Jovis
385 2340 421 2397 ad
434 2338 545 2406 solium,
565 2335 688 2412 saevique
699 2337 731 2394 in
744 2337 845 2396 limine
859 2339 943 2416 regis,

227 2445 385 2519 Adparent,
405 2451 569 2516 acuuntque
582 2449 692 2496 metum
704 2441 871 2499 mortalibus
883 2442 976 2519 regi-is,

226 2548 255 2603 Si
267 2547 380 2622 quando
389 2546 480 2602 letum
493 2543 668 2613 horrificum,
680 2546 858 2620 morbosum,
872 2546 960 2604 deum
969 2565 1020 2605 rex

227 2647 358 2718 Molitur‚
379 2647 493 2706 meritas
506 2655 556 2704 aut
569 2646 645 2703 bello
657 2647 767 2706 territat
778 2648 866 2705 urbis.

227 2752 340 2808 Harum
353 2769 441 2808 unam
454 2750 575 2807 celerem
588 2749 700 2806 demitit
712 2751 748 2807 ab
760 2751 866 2808 aethere
877 2752 989 2811 summo

226 2854 367 2930 Juppiter,
387 2853 476 2929 inque
488 2870 573 2910 omen
586 2854 717 2930 Jutumae
729 2871 876 2911 occurrere
881 2853 969 2929 judit.

226 2957 281 3014 dila
294 2956 380 3027 volat,
401 2955 541 3031 celerique
553 2956 590 3012 ad
602 2964 705 3011 terram
719 2955 834 3012 turbine
845 2956 949 3014 fertur:

227 3061 258 3118 N
260 3079 296 3118 on
311 3059 388 3117 secus
402 3077 444 3126 ac,
464 3077 551 3115 nervo
563 3075 614 3134 per
627 3059 734 3114 nubem
747 3057 868 3134 inpulsa,
887 3059 1006 3135 sagitt25

227 3164 377 3220 Armatam
391 3160 456 3218 saevi
470 3160 588 3241 Parthus
600 3177 688 3234 quam
700 3159 768 3222 felle
780 3162 893 3231 veneni,

228 3265 356 3337 Parthus,
376 3264 431 3324 five
445 3263 557 3340 Cydon,
576 3262 668 3321 telum
680 3262 890 3336 inmedicabile,
907 3267 1000 3342 tortit3
