2509 3875
152 257 155 267 ’
253 305 309 358 na
427 299 784 371 »nunrnos
942 305 1050 370 v.7sr.

253 452 364 512 Fronde
376 456 459 532 super
471 457 583 533 galeam
600 466 631 515 et
644 456 724 514 felici
737 465 848 514 comtus
861 453 949 526 oliva,

252 556 394 633 Archippi
406 558 481 634 regis
493 559 586 627 missu,
607 559 773 617 fortissimus
786 559 911 616 Umbro:

253 657 376 732 Vipereo
392 661 499 736 generi,
519 671 549 717 et
562 661 687 738 graviter
699 660 870 738 spirantibus
884 659 990 736 hydris,

255 761 389 838 Spargere
402 763 453 838 qui
466 766 578 821 somnos
591 775 734 839 cantuque
752 781 897 836 manuque
911 762 1028 832 solebat,
1142 753 1143 757 ἵ

253 862 460 940 Mulcebatque
473 865 538 933 iras,
558 875 588 922 et
600 865 708 922 morsus
720 874 779 923 arte
792 865 915 922 levabat.

250 965 307 1023 Sed
321 985 379 1024 non
393 967 545 1024 Dardaniae
557 967 693 1024 medicari
706 966 829 1042 cuspidis
842 965 930 1022 idum

252 1067 381 1138 Evaluit,
402 1087 496 1144 neque
508 1087 576 1126 eum
584 1068 685 1144 juvere
697 1069 727 1125 in
742 1069 856 1126 volnera
870 1077 970 1124 cantus

251 1170 413 1240 somniferi,
434 1152 473 1239 et,
494 1171 595 1228 Marsis
608 1171 731 1246 quaesitae
746 1171 902 1238 montibus,
921 1170 1026 1227 herbe.

249 1273 294 1329 Te
307 1291 407 1329 nemus
421 1273 579 1348 Angustiae,
599 1273 689 1330 vitrei
704 1283 732 1330 te
746 1272 868 1330 Fucinus
882 1273 967 1340 unde,
1056 1285 1059 1288 '

251 1375 296 1432 Te
308 1374 414 1450 liquidi
427 1375 530 1432 flevere
543 1375 630 1432 lacus.
978 1427 981 1438 .

290 1478 355 1533 Ibat
367 1487 406 1546 et,
426 1477 578 1553 Hippolyti
591 1477 683 1552 proles
696 1477 896 1553 pulcherrima,
916 1475 992 1534 bello

249 1579 367 1638 Virbius
372 1602 380 1650 3
400 1580 542 1656 insignem
554 1598 642 1655 quern
654 1589 745 1636 mater
757 1577 856 1636 Aricia
869 1577 955 1647 mifit,

249 1682 393 1740 Edudum
407 1683 516 1760 Egeriae
528 1682 610 1750 lucis,
628 1681 778 1739 humentia
791 1681 900 1738 circum

248 1785 356 1854 Litora,
375 1785 491 1865 pinguis
504 1787 564 1852 ubi,
585 1794 615 1841 et
627 1783 784 1861 placabilis,
806 1801 853 1840 ara
866 1783 980 1841 Dianae.

248 1887 384 1965 Namque
397 1869 495 1946 seruiit
508 1887 587 1948 fama
599 1887 801 1965 Hippolytum,
822 1886 970 1963 postquam
984 1891 1045 1945 arte

326 2010 455 2049 novercae

248 2094 404 2164 Occiderit,
424 2093 586 2170 patriasque
598 2093 720 2169 explerit
734 2091 871 2168 sanguine
887 2110 992 2168 poenas,

246 2197 382 2254 Turbatis
395 2196 543 2266 distraetus
555 2195 645 2271 equis,
666 2197 701 2251 ad
716 2194 803 2251 sidera
817 2194 911 2251 rursus

247 2297 391 2367 AEtheria,
412 2306 442 2353 et
454 2297 567 2372 superas
580 2296 646 2353 coeli
659 2294 765 2353 venisse
778 2295 830 2353 sub
843 2316 933 2365 auras,

247 2399 367 2458 Paeoniis
379 2408 543 2456 revocatum
556 2398 660 2468 herbis,
680 2408 710 2455 et
723 2418 819 2455 amore
830 2399 943 2458 Dianae.

246 2502 324 2559 Tum
344 2510 425 2578 pater
446 2501 637 2577 omnipotens,
669 2500 794 2577 aliquem
817 2498 982 2577 indignatus
1006 2504 1044 2561 ab

324 2603 432 2661 umbris

246 2707 400 2766 Mortalem
413 2704 534 2763 infernis
546 2705 582 2762 ad
598 2705 710 2763 lumina
724 2705 836 2781 surgere
849 2705 926 2776 vitae,

245 2812 310 2889 lpse
322 2787 494 2887 repertorem
507 2808 658 2866 medicinae
672 2808 745 2877 talis,
765 2820 794 2866 et
809 2810 885 2879 artis,

245 2914 378 2971 Fulmine
391 2911 595 2987 Phoebigenam
608 2911 720 2986 Stygias
734 2912 850 2968 detrufit
863 2913 898 2969 ad
911 2913 1011 2970 undae.

244 3017 288 3074 At
300 3016 398 3074 Trivia
412 3014 607 3091 Hippolytum
618 3012 732 3070 secretis
746 3013 820 3071 alma
835 3015 965 3071 recondit

244 3118 363 3175 Sedibus
367 3143 376 3189 3
397 3127 427 3174 et
441 3116 575 3194 nymphae
588 3113 708 3191 Egeriae,
727 3116 904 3192 nemorique,
918 3117 1039 3193 relegat:

244 3219 327 3284 Solus
338 3221 398 3290 ubi,
417 3220 449 3277 in
462 3218 537 3278 alvis
549 3218 640 3289 Italis,
660 3218 795 3298 ignobilis
808 3238 902 3277 aerum
986 3214 988 3219 ’

1170 2546 1176 2637 j
