2509 3875
183 370 215 409 v.
233 356 312 421 733.
516 348 612 409 LIB.
653 346 692 411 V.
959 348 1000 408 61

186 506 339 581 Princeps
352 512 420 562 aute
433 506 525 563 omnis
537 505 659 564 densum
670 506 818 564 Palinurus
830 506 932 583 agebat

188 610 337 684 Agmen:
358 609 395 665 ad
408 608 487 665 hunc
498 608 549 667 alii
560 608 675 667 cursum
686 608 858 667 contendere
865 606 941 685 juffi.

236 710 367 786 Jamque
378 708 439 767 fere
451 710 576 768 mediam
587 710 654 768 coeli
665 710 736 769 Nox
747 710 866 769 humida
878 720 986 769 metam

192 810 387 886 Contigemt3
408 810 519 887 placidi
531 812 662 870 laxarant
673 814 802 871 membra
812 811 919 888 quiete,

192 913 261 971 Sub
275 912 361 970 remis
372 912 427 971 full
440 932 491 989 per
503 914 574 972 dura
585 913 692 984 sedilia,
711 924 820 986 nanta,

195 1015 307 1071 Quum
319 1014 390 1072 levis
401 1015 525 1073 aetheriis
538 1016 667 1074 delabsus
679 1017 800 1075 Somnus
811 1018 848 1075 ab
859 1016 937 1074 nstris

194 1120 280 1175 Aera
293 1118 414 1176 dimovit
426 1120 616 1187 tenebrosum,
635 1128 666 1176 et
677 1120 794 1197 dispulit
806 1122 934 1193 umbram

194 1218 255 1287 Te,
277 1221 416 1290 Palinure,
435 1232 544 1299 petens,
564 1221 619 1279 tibi
631 1220 740 1280 somnis
753 1222 841 1281 tristia
853 1232 970 1299 portans
996 1234 999 1244 '

195 1322 326 1393 Insonti3
347 1324 493 1401 puppique
505 1326 575 1382 deus
590 1324 718 1383 consedit
728 1324 759 1383 in
772 1325 840 1393 atet,

196 1425 355 1483 Phorbanti
368 1426 481 1497 fimilis;
502 1426 657 1503 funditque
668 1426 720 1485 has
732 1446 780 1485 ore
792 1427 931 1503 loquelas:

197 1528 291 1584 Iafide
304 1528 443 1599 Palinure,
463 1530 561 1587 ferunt
572 1530 633 1606 ipsa
644 1548 758 1605 aequora
769 1530 899 1602 classen,

196 1631 338 1705 AEquatae
349 1630 458 1707 spirant
470 1648 560 1688 auras:
583 1632 668 1688 dstrnr
678 1631 747 1688 hora
760 1631 851 1706 quieti
855 1656 865 1701 3

199 1734 278 1789 Pone
290 1742 386 1809 caput,
403 1732 543 1809 feffosque
555 1732 652 1790 oculos
664 1733 759 1791 furare
771 1733 871 1791 labori.

199 1834 266 1910 Ipse
277 1853 332 1911 ego
344 1834 497 1911 paullisper
508 1844 602 1911 prote
615 1842 665 1892 tua
678 1854 795 1893 munera
807 1835 897 1892 inibo.

199 1937 258 1998 Cui
271 1939 319 1996 vix
332 1938 470 1996 adtollens
483 1938 633 1996 Palinurus
645 1937 755 1995 lumina
768 1938 859 1995 fatur:

198 2042 290 2098 Mene
304 2039 367 2125 ¹salis
378 2041 484 2117 placidi
496 2041 618 2110 voltum,
635 2039 794 2115 iludusque
806 2037 925 2115 quietos,

199 2144 335 2220 lgnorare
344 2140 444 2218 jubes?
464 2160 548 2199 mene
560 2141 630 2199 lruic
643 2141 786 2200 confidere
797 2141 939 2200 monstro?

199 2245 316 2303 AEnean
329 2245 442 2302 credam
454 2243 524 2319 quid
537 2245 633 2303 enim?
652 2243 802 2304 fallacibus
814 2243 921 2313 austris,

199 2348 238 2404 Et
251 2347 317 2403 coeli
330 2345 414 2403 toties
426 2347 561 2422 deceptus
574 2347 674 2404 fraude
686 2346 793 2406 sereni?

199 2448 284 2506 Talia
297 2448 372 2506 diua
383 2448 477 2516 dabat,
497 2449 667 2525 clavumque
679 2449 800 2521 adfixus,
820 2459 849 2508 et
861 2450 981 2521 haerens,

197 2551 351 2626 Nusquam
365 2550 524 2620 amittebat,
540 2551 694 2626 oculosque
705 2553 757 2610 sub
770 2553 839 2610 astra
853 2557 980 2612 tenebat¹

200 2653 287 2710 Ecce!
310 2653 378 2710 deus
391 2670 511 2720 ramum,
532 2653 649 2711 Lethaeo
662 2672 724 2712 rore
736 2657 910 2723 madentem,

199 2755 296 2830 Vique
309 2753 470 2831 soporatum
484 2753 591 2831 stygis,
611 2753 695 2831 super
706 2765 827 2832 utraque
840 2757 948 2832 quatiat

199 2859 359 2934 Tempora3
378 2857 581 2932 cunctantique
596 2857 724 2916 natantia
736 2858 846 2915 lumina
859 2855 952 2915 solvit.

201 2957 259 3016 Vix
270 2959 376 3035 primos
389 2958 504 3035 inopina
518 2958 598 3034 quies
610 2959 754 3017 laxaverat
765 2969 851 3027 artus,

201 3062 246 3130 Et,
267 3061 538 3138 superincumbens,
558 3079 624 3117 cum
637 3060 740 3136 puppis
751 3068 830 3136 parte
842 3059 959 3127 revoltd,

201 3163 332 3238 Cumque
345 3162 526 3238 gubernaclo,
545 3161 667 3240 liquidas
679 3159 796 3237 projecit
807 3160 838 3218 in
851 3162 943 3221 undas
959 3209 965 3220 .

201 3263 384 3339 Praecipitem,
397 3283 429 3322 ac
441 3263 529 3321 socios
542 3261 735 3337 nequidquam
748 3261 821 3340 saepe
831 3277 990 3326 vocantem.
