2509 3875
273 334 333 409 276
540 338 626 399 ΕΝ
641 336 821 407 EIDOS,
962 352 993 393 v.
1008 341 1082 405 278.

272 493 338 551 Pars
347 490 457 569 gladios
468 494 609 573 stringunt
621 493 764 561 menibus,
776 510 840 571 pars
849 490 954 550 miffile
964 491 1083 549 sermm

273 596 456 673 Conripiunt,
476 598 602 673 caecique
614 608 717 655 ruunt:
739 616 812 673 quos
824 595 941 672 agmina
954 604 1063 653 contra

273 700 447 759 Procurrunt
468 700 660 773 Laurentum
685 700 756 759 hinc
775 700 852 759 denss
872 697 967 756 rursus
987 698 1084 757 inun-

351 804 421 862 dant

273 904 372 976 Troes,
391 906 593 985 Agyllinique,
614 916 644 965 et
656 906 739 984 pislis
752 906 879 965 Arcades
891 905 988 963 armis.

315 1008 361 1067 Sic
372 1009 467 1067 omnis
479 1029 559 1069 arnor
571 1030 646 1069 unus
659 1012 748 1069 habet
760 1012 912 1069 decernere
924 1008 1012 1066 ferro.

275 1108 432 1185 Diripuere
445 1130 519 1169 aras:
541 1112 566 1169 it
580 1122 642 1171 toto
654 1112 768 1171 turbida
781 1112 855 1171 coelo

274 1210 439 1287 Tempestas
454 1212 584 1283 telorum,
605 1234 639 1273 ac
653 1215 760 1275 serreus
772 1213 884 1291 ingruit
896 1212 1004 1283 imber3

274 1314 471 1388 craterasque,
485 1313 631 1391 focosque,
645 1316 752 1375 serunt.
780 1314 868 1392 Fugit
876 1312 937 1391 ipse
945 1314 1086 1385 Latinus,

274 1414 399 1477 Pulsatos
412 1416 546 1486 referens,
565 1417 674 1477 infesto
687 1420 802 1488 studere,
823 1418 913 1476 divos,

274 1516 425 1577 Infrenant
439 1518 490 1577 alii
503 1538 610 1589 currus,
629 1530 680 1579 ant
692 1540 810 1598 corpora
822 1520 896 1578 saltu

274 1619 436 1699 Subjiciuut
449 1620 480 1679 in
494 1640 590 1698 equos,
611 1631 642 1681 et
655 1622 756 1681 strictis
768 1624 881 1681 ensibus
894 1620 1007 1682 adsunt.

273 1724 421 1801 Messapus
434 1743 541 1801 regern,
560 1724 692 1803 regisque
705 1726 815 1803 insigne
829 1734 986 1803 gerentem,

272 1824 459 1904 Tyrrhenum
474 1827 619 1896 Aulesten,
640 1826 741 1885 avidus
754 1827 931 1885 couflrndere
945 1827 1051 1897 foedus,

272 1928 407 1988 Adverso
420 1939 559 2006 proterret
572 1947 660 2005 equo:
682 1929 741 1987 ruit
755 1928 805 1987 ille
818 1930 960 1999 recedens,

273 2032 311 2088 Et
326 2031 425 2102 miser,
445 2031 578 2108 opposrtis
592 2051 608 2090 a
622 2041 713 2108 tergo,
732 2031 889 2089 involvitur
901 2031 963 2102 aris,

272 2135 308 2192 In
319 2143 415 2211 caput,
425 2133 513 2209 inque
524 2135 671 2192 humeros:
693 2142 722 2191 at
733 2134 859 2192 fervidus
872 2134 987 2192 advolat
998 2134 1083 2195 hasta

274 2233 439 2312 Meffapus5
461 2235 586 2312 teloque,
605 2245 736 2294 orantem
748 2237 850 2304 multa,
870 2236 973 2294 trabali
1165 2278 1167 2363 q

274 2335 414 2412 Desuper,
429 2337 503 2392 altus
513 2356 597 2413 equo,
611 2338 735 2414 graviter
746 2338 823 2406 serit,
838 2348 924 2414 atque
934 2338 975 2396 ita
987 2340 1084 2399 satur:
1164 2404 1165 2419 q

274 2439 340 2496 Hoc
354 2425 441 2494 habet
448 2462 456 2507 ς
479 2437 541 2494 haec
552 2439 654 2496 melior
666 2440 780 2517 magnis
792 2441 858 2498 data
869 2440 987 2498 victima
997 2443 1086 2502 divis.

273 2543 462 2600 Concurrunt
476 2539 552 2608 Itali,
573 2540 753 2618 spoliantque
765 2543 889 2601 calentia
902 2545 1044 2604 rnernbra.
1164 2582 1166 2587 ·

319 2641 431 2702 Obvius
444 2641 605 2700 ambustum
623 2654 730 2702 torrem
743 2646 900 2720 Corynaeus
912 2648 948 2704 ab
961 2647 1011 2704 ari

282 2743 430 2822 Conripit;
452 2753 482 2801 et
494 2733 624 2802 venienti
638 2745 742 2816 Ebuso,
761 2747 933 2824 plagamque
945 2748 1065 2820 serenti,

281 2849 414 2926 Occupat
426 2867 457 2904 os
469 2846 606 2904 flammis:
628 2847 679 2905 olli
692 2848 795 2925 ingens
807 2851 893 2907 barba
906 2850 1023 2920 reluxit,

282 2953 480 3026 Nidoremque
493 2949 620 3006 ambusta
634 2949 728 3007 dedit:
750 2950 834 3027 super
845 2951 906 3028 ipse
918 2951 1032 3011 secutus

280 3054 432 3112 Caesariem
444 3051 515 3110 laeva
529 3051 637 3108 turbati
650 3050 774 3128 concipit
786 3052 882 3123 hostis,

280 3155 462 3229 inpressoque
475 3172 551 3229 genu
565 3153 669 3222 nitens,
690 3161 772 3210 terrae
785 3155 910 3231 adplicat
922 3156 1032 3232 ipsum:

282 3253 328 3312 Sic
341 3254 434 3329 rigido
447 3254 521 3311 latus
534 3253 600 3311 ense
612 3251 689 3310 serit.
730 3255 888 3315 Podalirius
899 3257 1005 3321 Alsum
