2509 3875
227 348 276 419 9'4'
487 338 761 418 AENEIDOS,
917 353 1024 406 udos.

268 501 343 560 Quia
355 493 453 578 procul
465 491 517 560 illc
529 511 636 573 autern,
656 503 741 560 ramis
753 501 871 578 infignis
883 500 976 572 olivae,

228 605 310 662 Sacra
323 605 432 661 serens?
453 604 549 661 Nosco
566 604 660 673 crinis,
680 604 839 680 incanaque
852 613 957 671 menta,

228 706 315 782 Regis
329 705 451 765 Romani
455 729 464 778 ς
485 706 594 782 primus
607 705 659 781 qui
672 705 783 782 legibus
797 709 897 764 urbem
1012 783 1014 790 Ι

229 808 381 879 Fundabit,
401 808 524 866 Curibus
536 808 638 883 parvis,
659 817 688 864 et
701 825 825 883 paupere
837 807 921 877 terri,

229 910 332 967 Missus
344 911 374 968 in
389 909 544 986 imperium
561 927 709 986 magnum.
750 909 807 966 Cui
826 909 929 968 deinde
948 903 1026 966 subi⁴

306 1013 359 1082 bit,

230 1114 299 1172 Otia
311 1115 361 1190 qui
375 1123 488 1191 rumpet
500 1113 608 1190 patriar,
628 1114 785 1190 refidesque
798 1115 926 1171 movebit

229 1207 331 1275 Tullus
343 1216 375 1273 iu
388 1235 466 1274 arma
478 1215 562 1284 viros,
582 1225 613 1272 et
621 1214 684 1291 jam
697 1216 811 1273 desueta
826 1214 980 1291 triumphis

229 1318 367 1393 Agmina.
409 1317 506 1374 Quem
515 1316 599 1392 juxta
613 1316 740 1391 sequitur
754 1316 906 1392 jaciantior
921 1303 1027 1386 Ancus,

230 1413 319 1477 Nunc
331 1409 453 1496 'quoque
470 1416 532 1494 jam
553 1417 677 1474 nimium
697 1419 824 1494 gaudens
844 1418 1027 1495 popularibus

309 1522 392 1580 auris.
611 1585 614 1588 ,

231 1623 285 1682 Vis
297 1635 327 1682 et
336 1615 511 1700 Tarquinios
524 1642 612 1700 reges,
633 1622 814 1698 animamque
828 1623 977 1698 superbam
1097 1645 1101 1656 ·

231 1728 342 1786 Ultoris
354 1727 446 1796 Bruti,
466 1725 604 1801 fascisque
617 1726 716 1783 videre
728 1720 872 1802 receptos?
957 1761 961 1770 ι

232 1831 364 1888 Consulis
376 1830 530 1906 imperium
541 1829 591 1886 hic
602 1827 720 1906 primus,
741 1827 883 1904 saevasque
896 1826 1009 1898 securis,

231 1925 384 2012 Adcipiet5
406 1943 543 2009 natosque
555 1942 646 2010 pater,
666 1950 739 1989 nova
752 1929 826 1989 bella
840 1930 990 2000 moventis,

231 2040 281 2095 Ad
294 2058 407 2114 poenam
421 2036 541 2113 pulchra
554 2054 607 2113 pro
617 2035 750 2091 libertate
762 2034 883 2091 vocabit.

232 2142 357 2198 Infelix!
379 2150 538 2214 utcumque
550 2140 643 2194 serent
655 2156 689 2193 ea
701 2137 776 2194 falla
788 2136 922 2205 minores,

232 2244 339 2300 Vincet
353 2260 433 2299 amor
444 2241 552 2316 patriae,
571 2231 747 2314 laudumque
761 2239 890 2296 inmensa
903 2238 1016 2315 cupido.

233 2346 316 2403 Quin
330 2345 443 2412 Decios,
456 2341 620 2417 Drusosque
632 2342 740 2417 procul,
761 2342 923 2417 saevumque
939 2342 1030 2400 securi

232 2448 357 2525 Adspice
370 2447 557 2521 Torquatum,
582 2453 614 2501 et
630 2445 801 2502 referentem
823 2445 902 2521 signa
918 2434 1030 2503 ¹Camil-

311 2550 382 2606 lum.
462 2539 465 2543 Χ

234 2653 295 2710 lllae
308 2662 414 2719 autem,
433 2650 549 2726 paribus
561 2668 632 2725 quas
644 2649 756 2725 fulgere
768 2649 858 2707 cernis
871 2649 901 2706 in
914 2650 1010 2722 armis,

210 2772 214 2779 ·
232 2754 395 2815 Concordes
408 2754 512 2810 animae
525 2772 612 2821 nunc,
630 2762 660 2809 et
673 2754 742 2809 dum
755 2753 838 2810 noste
854 2762 1031 2833 prementur]

234 2859 317 2915 Heu!
338 2867 480 2933 quantum
491 2856 568 2913 inter
580 2855 609 2913 se
621 2856 740 2925 bellum,
761 2856 782 2913 sl
795 2856 896 2913 limina
909 2857 976 2913 vitae

232 2960 411 3037 Adtigerint,
432 2968 552 3035 quantas
564 2960 648 3028 acies,
668 2958 854 3035 stragemque,
875 2958 1008 3015 ciebuntl

234 3064 398 3140 Aggeribus
410 3062 488 3120 socer
500 3063 624 3140 Alpinis,
645 3072 731 3137 atque
744 3080 807 3119 arce
820 3062 958 3132 Mummi,
1015 3082 1017 3087 ’

233 3165 430 3237 Descendem3
453 3183 541 3241 gener
553 3165 673 3223 adverus
686 3164 835 3221 instruitur
849 3164 925 3222 Eois.

234 3269 291 3338 Ne,
310 3269 402 3345 pueri,
422 3287 459 3325 ne
472 3278 552 3326 tauta
564 3268 667 3325 animis
680 3266 835 3325 adsuescite
847 3267 921 3325 bella
927 3291 936 3338 3
