2509 3875
252 390 292 443 38
513 381 791 450 AENEIDOS,
942 384 1054 439 mu.

255 536 459 613 Consequitur:
475 538 561 609 cedit,
576 539 714 614 quoniam
726 536 845 614 spoliata
858 534 991 612 magistro
1004 534 1053 594 est.

255 640 336 699 Solus
345 638 462 716 jamque
475 640 535 717 ipso
548 640 670 717 superest
681 640 714 699 iu
726 640 785 697 fine
796 638 958 697 Cloanthus
965 661 974 708 ς

256 743 356 801 Quem
367 742 451 819 petit,
471 752 500 801 et
513 742 632 801 summis
647 742 769 801 adnixus
781 741 889 800 viribus
900 748 1015 817 urguet.

255 847 334 905 Tum
344 864 411 904 vero
423 844 585 923 ingeminat
593 846 710 915 clamor,
724 844 877 920 nuntiique
888 843 1056 919 sequentem

256 948 398 1026 Instigant
410 948 517 1017 studiis,
537 946 706 1023 resonatque
719 946 881 1024 fragoribus
893 946 992 1003 aether.

256 1051 309 1121 Hi,
330 1051 479 1129 proprium
495 1050 580 1109 decus
593 1062 622 1109 et
634 1059 749 1127 partum
761 1050 951 1127 indignantur
962 1049 1055 1107 hono·

335 1172 398 1211 rem

256 1256 300 1315 Ni
313 1264 439 1325 teneant,
459 1232 606 1333 vitamque
620 1257 720 1314 volunt
732 1276 785 1334 pro
797 1256 884 1314 laude
895 1254 1002 1333 pacisci
1008 1279 1018 1327 ;

257 1361 320 1418 Hos
333 1358 469 1417 successus
481 1358 546 1431 alit3
568 1360 692 1436 poliunt,
710 1359 778 1435 quia
791 1359 868 1436 posse
882 1358 1025 1418 videntur.

258 1464 297 1521 Et
309 1462 367 1519 fors
381 1460 500 1537 aequatis
512 1460 648 1538 cepilient
661 1462 778 1538 praemia
791 1462 894 1529 rostris,

258 1565 310 1633 Ni,
330 1564 439 1641 palmas
450 1573 540 1640 ponto
553 1564 672 1622 tendens
684 1574 829 1641 utrasque,
849 1564 1009 1623 Cloanthus

258 1666 440 1743 Fudiffetque
452 1686 557 1744 preces,
578 1666 715 1743 divosque
726 1666 759 1725 in
771 1677 839 1727 vota
850 1667 987 1726 vocaffet:

259 1771 310 1841 Di,
330 1770 434 1846 quibus
450 1770 605 1848 imperinm
623 1771 664 1829 est
680 1770 786 1848 pelagi,
807 1790 931 1847 quorum
944 1788 1059 1846 aequora

339 1892 431 1944 curro,

260 1977 350 2036 Vobis
362 1977 445 2036 laetus
457 1997 512 2055 ego
525 1977 580 2036 hoc
593 1979 764 2036 candentem
776 1977 809 2034 in
822 1975 906 2033 litore
919 1985 1035 2033 taurum

261 2081 442 2140 Constituons
455 2091 605 2150 antestes,
625 2078 685 2136 voti
699 2097 778 2148 reus3
799 2087 923 2153 extaque
935 2075 1020 2135 salsos

261 2182 418 2242 Porticiam
431 2182 463 2240 in
476 2182 589 2251 fluctus,
610 2193 639 2238 et
654 2180 723 2238 vina
735 2179 876 2255 liquentia
887 2180 1020 2238 fundam.

261 2284 355 2351 Dixit,
375 2301 500 2358 eumque
512 2282 577 2340 imis
589 2282 642 2340 sub
654 2281 788 2340 fluffibus
801 2282 895 2339 audiit
906 2283 1002 2340 omnis

200 2455 203 2462 ¹
261 2385 423 2446 Nereidum
436 2383 594 2460 Phorcique
611 2384 727 2456 chorus,
749 2386 936 2461 Panopeaque
949 2385 1040 2462 virgo,

261 2490 300 2547 Et
311 2496 393 2564 pater
404 2487 465 2563 ipse
477 2505 566 2544 manu
579 2487 685 2564 magua
697 2489 846 2558 Portunus,
866 2498 986 2546 euntem

262 2589 386 2667 Inpulit:
408 2589 459 2647 illa
473 2589 553 2656 Noto
565 2589 659 2658 citius,
678 2590 845 2666 volucrique
857 2589 973 2667 sagittd,

263 2693 312 2754 Ad
326 2703 430 2751 terram
442 2691 529 2768 fugit,
549 2700 578 2750 et
590 2703 677 2768 portu
689 2692 719 2750 se
732 2693 862 2751 condidit
872 2693 946 2752 alto.'

300 2797 381 2854 Tum
393 2795 469 2854 satus
481 2794 619 2863 Anchin,
640 2795 751 2853 cunulis
762 2815 800 2854 ex
812 2815 893 2854 more
905 2797 1022 2868 voeatis,

264 2898 410 2956 Vitiorem
423 2897 528 2974 magud
541 2899 679 2974 praeconis
692 2917 761 2956 voce
772 2892 952 2960 Cloanthum

265 3003 408 3070 Declarst,
427 2999 568 3076 viridique
578 3001 693 3059 advelat
707 3011 833 3078 tempora
845 3003 943 3061 lauro:

265 3106 447 3182 Muneraque
458 3103 490 3162 in
502 3103 582 3162 navis
594 3113 691 3162 ternos
702 3115 800 3183 optare
808 3105 955 3183 juvencos,

265 3209 407 3283 Vinaque,
421 3217 450 3266 et
462 3207 574 3285 argenti
586 3225 727 3284 magnum
741 3209 792 3266 dat
802 3209 878 3267 ferre
889 3210 1043 3270 talentum¹

266 3311 336 3390 Iptis
347 3311 506 3390 praecipuos
518 3310 682 3371 ductoribus
692 3309 773 3371 addit
784 3311 920 3379 honores:
