2509 3875
265 346 284 399 8
525 338 799 407 AENEIDOS,
950 345 1063 407 r.171;

154 498 156 503 '
202 522 205 535 .
265 493 331 551 Nec
339 490 400 568 jam
413 493 554 551 firrtivum
566 494 644 552 Dido
656 494 965 552 meditaturamorem:
1057 548 1087 556 .,

263 592 442 670 conjugium
452 606 552 667 vocat,
573 596 628 655 hoc
641 594 772 671 praetexit
785 593 1039 668 nomiueoulpam.
1058 648 1062 653 .

304 696 458 773 Extemplo
472 698 569 774 Libyae
579 716 699 774 magnas
711 696 736 753 it
747 697 833 754 Fama
845 713 896 771 per
907 695 997 751 urbis:

265 798 361 865 Fama,
381 798 490 857 malum
503 800 560 874 qud
574 818 633 857 non
645 799 724 856 aliud
736 797 860 855 velocius
872 796 979 866 ullum,

265 898 432 957 Mobilitate
444 899 533 977 viget,
552 900 682 976 viresque
700 899 826 975 adquirit
838 898 941 955 eundo.

266 1002 353 1058 Parva
366 1009 446 1057 metu
459 1001 565 1077 primo,
587 1021 655 1059 mox
669 1001 727 1059 sese
739 1000 850 1058 adtollit
862 1000 893 1056 iu
906 1018 997 1068 amas,

266 1101 487 1178 Ingrediturque
499 1102 566 1171 solo,
587 1113 616 1160 et
627 1113 714 1180 caput
725 1102 802 1159 inter
812 1101 910 1160 nubila
922 1101 1030 1159 condit.

267 1203 352 1260 Illam
364 1204 451 1261 Terra
463 1222 573 1280 parens,
592 1205 635 1261 iri
647 1205 762 1263 inritata
775 1204 901 1273 deorum,

267 1306 442 1374 Extremam,
462 1316 495 1363 ut
507 1306 669 1383 perhibent,
689 1308 760 1363 Creo
772 1305 973 1380 Enceladoque
985 1304 1060 1363 soro-

268 1446 274 1457 ·
344 1426 407 1465 rem

267 1508 431 1584 Progenuit,
450 1508 570 1585 pedibus
583 1510 712 1577 celerem,
731 1518 761 1566 et
773 1506 935 1585 pernicibus
948 1508 1010 1567 alis.

267 1610 429 1669 Monstrum
440 1611 621 1681 horrendum,
634 1611 751 1688 ingens:
770 1611 828 1681 cui,
841 1620 911 1686 quot
921 1611 987 1669 sunt
998 1630 1061 1669 cor·

345 1730 413 1787 pore
425 1712 538 1787 plume,
560 1742 562 1747 ·
595 1764 598 1767 .

267 1814 325 1871 Tot
338 1814 437 1889 vigiles
451 1813 524 1870 oculi
537 1812 642 1882 subter,
662 1812 791 1871 mirabile
804 1813 895 1871 rieul

268 1915 327 1972 Tot
338 1914 454 1992 linguae,
467 1914 588 1974 totidem
600 1934 650 1974 ora
661 1916 771 1985 sonant,
785 1925 829 1974 tot
840 1914 963 1992 subrigit
976 1917 1063 1977 auris.

268 2017 363 2074 Nocte
376 2018 460 2088 volat,
481 2017 547 2076 coeli
559 2017 655 2076 medio
668 2027 815 2093 terraeque,
827 2036 878 2094 per
893 2020 1035 2091 umbram,

269 2118 404 2186 Stridens,
424 2137 476 2175 nec
490 2119 567 2175 dulci
580 2118 705 2175 declinat
717 2119 827 2176 lumina
840 2119 947 2179 somno.

269 2221 348 2276 Luce
361 2219 438 2276 sedet
450 2219 539 2278 custos
552 2229 602 2276 aut
615 2218 720 2278 firmmi
732 2221 860 2278 culmine
872 2221 951 2291 tout,

268 2319 408 2380 Turribus
420 2329 470 2376 aut
482 2319 555 2390 altis,
572 2331 605 2377 et
616 2340 735 2397 ¹magnas
748 2322 858 2381 territat
871 2323 948 2380 urbis
954 2348 963 2394 3

268 2422 344 2479 Tam
355 2420 416 2479 fieti
427 2421 562 2496 pravique
576 2431 671 2491 tenax,
692 2442 780 2499 quam
792 2424 894 2482 nuntia
906 2425 976 2514 veri.
1067 2437 1070 2440 ’

269 2523 342 2581 H'aec
356 2531 419 2580 tum
431 2523 585 2599 multiplici
597 2525 715 2602 populor
727 2525 855 2584 sermone
868 2527 997 2602 replebat

269 2623 413 2692 Gaudens,
432 2635 462 2681 et
474 2625 579 2700 pariter
592 2627 667 2683 faeta
678 2636 764 2703 atque
776 2628 881 2686 iurene
893 2631 1028 2686 canebat:
1122 2678 1128 2686 .

269 2727 384 2784 Venille
397 2727 521 2798 AEneau,
541 2727 665 2804 Trojano
677 2750 693 2787 a
706 2729 844 2808 sanguine
856 2741 976 2801 cretrun,
1070 2781 1073 2787 ,

270 2829 327 2886 Cui
339 2828 369 2886 le
381 2830 499 2906 pulehra
512 2829 572 2886 viro
585 2831 721 2906 dignetur
728 2831 851 2908 jungere
863 2833 955 2904 Dido,

144 2929 146 2936 ’
270 2931 358 2988 Nune
369 2931 497 2989 hiemem
513 2930 589 2988 inter
600 2931 630 2988 se
643 2933 723 3000 luxu,
743 2953 832 3008 quam
843 2935 939 3010 longa,
956 2933 1065 3005 fovere,

270 3033 436 3110 Regnorum
448 3032 627 3101 inmemores,
648 3035 782 3111 turpique
793 3036 930 3112 cupidine
942 3046 1050 3112 captos.

269 3133 342 3190 Haec
355 3134 453 3222 pa'ffim
466 3135 518 3192 dea
530 3135 608 3192 foeda
620 3135 715 3194 vinim
726 3136 863 3196 diffirndit
873 3137 906 3196 in
918 3156 976 3196 ora.

270 3229 401 3306 Pretium
412 3235 451 3293 ad
462 3253 561 3312 regem
574 3236 670 3296 cursus
681 3238 831 3313 detorquet
843 3239 957 3309 letheo,
1034 3291 1037 3296 .
1063 3286 1070 3296 .
