2509 3875
176 313 206 353 v.
221 294 303 366 672.
503 296 601 361 LIB.
640 298 679 357 V.
950 306 996 374 53,

93 524 94 533 ἵ
177 451 346 527 Argim‘rm,
365 452 467 511 vestras
480 452 541 529 spes
553 453 647 511 uritis.
687 453 748 511 Eu!
774 472 830 529 ego
841 452 931 511 vester

93 546 95 628 s
178 553 342 611 Ascanius.
381 554 501 611 Galeam
514 557 677 632 antepedes
690 554 810 632 projecit
822 556 953 625 inanem3

92 666 94 701 t
180 654 267 722 Qua,
287 656 358 712 ludo
370 656 497 725 indutus,
519 658 587 715 belli
600 658 747 715 simulacra
760 658 863 715 ciebat.

178 757 343 814 Adcelerat
355 758 437 815 simul
450 759 568 829 AEneas,
589 759 673 816 srmul
686 759 803 835 agmina
815 758 972 818 Teucrum.

178 860 237 915 Ast
252 858 312 915 illae
325 859 431 917 diversa
444 869 525 917 metu
537 879 587 935 per
601 860 683 917 litora
699 860 799 936 paffim

179 959 357 1037 Diffugiunt
362 986 371 1032 3
393 963 539 1038 silvasque,
560 972 589 1019 et
606 962 695 1019 sicubi
708 981 831 1020 concava
844 962 947 1019 furtim

180 1064 270 1131 Saxa,
290 1072 402 1139 petunt.
443 1064 526 1140 Piget
538 1062 656 1140 incepti,
677 1063 819 1139 lucisque;
840 1065 960 1140 suosque

90 1172 92 1185 '
180 1168 313 1224 Mutatur
326 1168 512 1243 adgnoscunt,
532 1168 702 1241 excussaque
720 1168 833 1242 pectore
845 1170 923 1245 Juno
935 1169 984 1227 eti.

181 1269 240 1325 Sed
255 1288 313 1325 non
326 1269 433 1327 idcirco
445 1270 579 1337 flammae,
599 1280 686 1344 atque
698 1269 841 1337 incendia,
861 1269 936 1327 vires

181 1371 345 1429 Indomitos
357 1372 491 1447 posuere:
513 1373 572 1429 udo
585 1370 637 1428 sub
649 1374 751 1429 robore
763 1370 836 1428 vivit

181 1474 302 1549 Stuppa,
313 1492 429 1531 vomens
440 1474 552 1531 tardum
563 1474 677 1531 fumum
683 1498 692 1543 ;
713 1474 864 1549 lentusque
873 1474 984 1532 carinas

181 1577 232 1633 Est
245 1596 342 1653 vapor,
362 1587 392 1634 et
405 1586 466 1635 toto
479 1576 626 1635 descendit
641 1595 757 1653 corpore
768 1577 851 1653 pestis
856 1602 865 1647 3

181 1678 250 1736 Nec
264 1678 338 1737 vires
350 1662 479 1747 heroum,
498 1678 650 1754 infusaque
667 1678 798 1748 flumina,
816 1679 942 1756 prosunt.

221 1782 301 1839 Tum
314 1781 378 1858 pius
390 1782 500 1839 AEneas
512 1780 639 1839 humeris
651 1780 815 1838 abscindere
827 1782 942 1851 vestem,

181 1883 362 1960 Auxilioque
373 1902 475 1942 vocare
488 1884 564 1952 deos,
584 1890 614 1940 et
628 1882 745 1939 tendere
757 1882 879 1958 palmas:

180 1985 318 2064 anpiter
330 1988 519 2063 omnipotens,
535 1985 554 2042 fi
568 1986 698 2042 nondum
709 1982 810 2041 exosus
820 1985 857 2041 ad
870 2004 963 2046 unum

179 2087 331 2163 Trojanos,
351 2088 370 2144 fi
386 2088 456 2163 quid
471 2088 560 2162 pietas
574 2087 692 2161 antiqua
704 2087 814 2142 labores

180 2191 310 2268 Respicit
323 2192 462 2250 humanos
469 2217 476 2261 ς
499 2193 535 2248 da
548 2191 696 2249 flammam
708 2190 827 2246 evadere
839 2190 915 2249 claffi

178 2295 280 2362 Nunc,
300 2304 382 2370 pater
390 2320 399 2365 3
420 2304 450 2350 et
464 2293 558 2350 tenuis
570 2292 717 2350 Teucrum
735 2311 779 2348 res
792 2292 869 2368 eripe
882 2294 950 2353 leto.

178 2397 236 2454 Vel
250 2405 292 2465 tu,
314 2397 390 2472 quod
405 2395 534 2471 superest,
555 2394 657 2451 infesto
671 2394 793 2451 fulmine
806 2396 902 2467 morti,

179 2498 210 2556 Si
224 2515 343 2568 mereor,
364 2497 484 2554 demitte
488 2522 496 2567 3
520 2497 569 2553 tud
582 2515 686 2571 meque
698 2499 787 2553 obrue
800 2499 911 2556 dextri.

179 2599 241 2663 Vix
254 2599 316 2658 haec
328 2601 465 2666 ediderat,
485 2617 584 2673 quum,
604 2598 698 2655 effusis
711 2598 861 2668 imbribus,
881 2611 941 2658 atra

179 2700 346 2776 Tempestas
358 2700 416 2756 fine
430 2718 509 2756 more
522 2699 606 2770 furit;
630 2699 796 2776 tonitruque
811 2702 979 2759 tremiscunt

180 2805 280 2862 Ardua
296 2813 444 2870 terrarum,
464 2812 494 2858 et
506 2801 612 2878 campi;
634 2802 692 2858 ruit
706 2803 810 2859 aethere
825 2813 885 2859 toto
981 2799 986 2808 ’

179 2904 324 2964 Turbidus
335 2905 428 2962 imber
438 2904 521 2978 aqud,
532 2903 679 2977 densisque
690 2904 860 2979 nigerrimus
870 2904 977 2973 austrie,

180 3008 387 3084 Inplenturque
400 3005 483 3082 super
495 3024 603 3082 puppes
610 3030 618 3074 ;
641 3005 770 3061 semiusta
783 3003 950 3061 madescunt

181 3111 302 3168 Robora.
336 3107 494 3166 Restinbius
507 3109 597 3164 donec
611 3124 698 3181 vapor
711 3105 812 3172 omnis,
826 3114 856 3161 et
868 3126 975 3176 omnes,

183 3213 315 3275 Quattuor
328 3211 442 3279 amiffis,
463 3210 578 3268 servatae
591 3227 607 3266 a
620 3208 696 3282 peste
709 3205 821 3266 carinae.
