2509 3875
229 325 339 375 nara.
538 317 638 377 ΜΒ.
677 315 732 376 VI.
769 323 773 328 ·
991 325 1030 387 79

231 472 375 541 Personat,
394 472 511 530 adverso
523 476 661 532 recubans
674 473 797 532 inmanis
810 474 840 530 in
854 477 945 536 antro.

231 573 291 631 Cui
304 584 392 643 vates,
411 575 526 632 horrere
537 576 636 634 videns
645 575 707 652 jam
719 577 792 634 colla
804 577 936 646 colubris,

232 676 327 734 Melle
340 676 500 754 soporatam
511 687 542 734 et
553 677 703 736 medicatis
713 678 855 754 frugibus,
876 677 964 736 offam

233 778 356 855 Objicit.
396 779 459 846 Ille,
478 779 556 836 same
568 780 676 848 rabida,
696 779 749 836 tria
764 789 880 856 guttura
892 781 1029 856 pandens,

234 880 371 956 Conripit
383 879 532 955 objectam,
551 890 638 957 atquc
651 881 779 939 inmania
792 891 872 958 terga
884 880 999 942 resolvit

234 983 326 1040 Fusus
339 982 430 1050 humi,
450 991 569 1057 totoque
581 983 682 1060 ingens
694 983 859 1040 extenditur
871 991 962 1042 antro.

234 1086 370 1162 Occupat
380 1086 489 1143 AEueas
501 1086 622 1154 aditum,
644 1087 757 1144 custode
769 1085 880 1163 sepulto
884 1112 892 1158 3

235 1189 398 1263 Evaditque
409 1188 485 1245 celer
496 1187 588 1264 ripam
598 1187 791 1246 inremeabilis
804 1191 899 1246 uudae,
959 1251 962 1259 ,

274 1291 424 1348 Continuo
436 1289 543 1348 auditae
555 1309 646 1360 voces,
666 1290 779 1366 vagitun
792 1299 821 1348 et
834 1291 944 1368 ingens,

236 1393 446 1468 Insantumque
459 1391 563 1449 animae
574 1391 690 1462 flentes;
713 1391 743 1448 in
756 1392 856 1450 limine
868 1393 960 1469 primo

237 1496 323 1552 Quos
335 1494 427 1552 dulcis
439 1494 517 1560 vitae,
535 1493 653 1551 extortis
665 1503 695 1552 et
708 1495 744 1552 ab
756 1497 844 1552 ubere
857 1505 960 1573 raptos,
1057 1550 1059 1554 .

236 1595 366 1656 Abstulit
378 1605 439 1654 atra
452 1596 521 1663 dies,
540 1605 570 1652 et
582 1595 684 1654 funere
696 1597 792 1656 merfit
804 1600 913 1656 acerbo.

237 1701 301 1756 Hos
309 1697 392 1774 juxta
406 1697 477 1754 falso
489 1697 618 1754 damnati
630 1698 750 1756 crimine
769 1699 876 1758 mortis,

237 1801 304 1858 Nec
315 1819 381 1858 vero
393 1800 440 1857 hae
452 1800 511 1856 fine
522 1799 596 1856 sorte
608 1799 692 1867 datae,
711 1800 769 1856 fine
780 1799 887 1876 judice,
907 1802 997 1863 sedeat

239 1904 384 1968 Ouaefitor
396 1903 494 1962 Minos
506 1920 610 1961 urnam
624 1911 736 1961 movet:
758 1902 808 1961 ille
821 1904 955 1964 silentum

239 2007 463 2082 Conciliumque
474 2017 567 2073 vocat,
586 2004 715 2079 vitasque
728 2013 757 2061 et
769 2004 888 2063 crimina
901 2008 992 2066 discit.

237 2108 370 2168 Proxima
383 2107 487 2165 deinde
500 2114 600 2163 tenent
612 2105 699 2163 maesti
713 2105 784 2177 loca,
804 2107 855 2183 qui
875 2107 928 2167 fibi
939 2110 1032 2169 letum

236 2210 368 2269 Insontes
379 2227 513 2286 peperere
525 2226 629 2278 manu,
650 2208 801 2283 lucemque
818 2211 916 2286 perofi,

238 2311 383 2388 Projecere
395 2311 514 2369 animas.
554 2310 653 2367 Quam
666 2310 772 2368 vellent
785 2312 890 2371 aethere
902 2314 933 2373 iu
946 2318 1005 2375 alto

238 2416 329 2473 Nunc
341 2424 370 2471 ct
384 2411 558 2490 pauperiem,
577 2423 607 2469 et
620 2412 705 2469 duros
718 2414 840 2489 perferre
853 2417 975 2479 laborent
1042 2476 1044 2479 .

238 2519 293 2575 Fas
305 2516 405 2584 obstat,
424 2515 553 2589 tristique
564 2514 646 2589 palus
658 2513 819 2575 inamabilis
833 2520 911 2576 undd

239 2619 371 2694 Adligat,
389 2626 420 2675 et
431 2616 528 2675 novies
541 2616 613 2690 Styx
624 2615 762 2675 interfusa
773 2620 892 2677 codrcet.

278 2724 344 2780 Nec
356 2706 455 2797 procul
465 2719 532 2777 hinc
541 2728 653 2794 partem
664 2718 719 2777 fusi
729 2720 921 2779 monstrantur
930 2722 960 2779 in
971 2743 1044 2781 omn·

356 2843 424 2881 nem

240 2931 387 3005 Lugentes
399 2926 507 3003 campi:
530 2926 567 2983 fic
579 2924 643 2982 illos
656 2926 772 2985 nominc
785 2926 894 2983 dicunt.

239 3032 308 3101 Hic,
328 3051 399 3107 quos
412 3031 497 3087 duros
509 3047 589 3087 amor
600 3028 709 3085 crudeli
722 3031 787 3091 tabe
798 3028 917 3105 peredit,
1003 3076 1007 3083 .

240 3136 346 3193 Secreti
359 3134 454 3191 celant
466 3133 561 3199 callen,
579 3142 609 3187 et
621 3140 732 3205 myrtea
743 3130 853 3187 circum

241 3238 317 3298 Silva
330 3238 416 3313 tegit:
437 3254 514 3294 cura
526 3253 584 3293 non
596 3232 656 3309 ipsa
671 3233 702 3289 in
715 3243 806 3291 morte
819 3234 994 3311 relinquunt.
