2509 3875
480 286 688 343 NOTULAEs

310 461 318 484 s
335 460 342 485 s
361 465 612 483 ···········
620 457 637 482 “.
652 436 718 481 illum
784 448 789 456 '

310 525 427 571 Obtritum
438 528 521 571 ‘morti
532 524 608 571 mint!

214 603 272 660 ver.
285 612 340 674 70⁶.
364 612 457 675 Heynii,
475 613 524 659 luce
540 613 627 671 clarior,
647 609 773 659 emendatio
787 618 834 657 erat
848 605 941 655 omnino
956 601 995 654 in·

181 707 270 747 textum
280 700 422 747 admittenda.
914 695 915 700 ’

216 790 271 836 Ver.
282 801 295 847 7
299 788 336 849 56.
362 786 397 835 Iti
414 784 481 835 etiim
495 789 565 836 codex
583 788 642 834 Coll.
655 789 699 852 Jos.
713 799 735 834 et
749 802 794 849 prae
806 782 874 833 alteri
889 785 982 832 lectione

91 882 95 913 ³
183 878 253 939 placet
264 876 337 923 nobis:
355 878 406 923 irinc
417 877 478 923 enim
488 876 574 936 gravior
585 885 607 921 et
618 877 731 922 rotundior
740 877 786 922 exit
796 874 903 936 periodus.

215 968 272 1013 Ver.
284 965 341 1023 768.
366 966 457 1013 Miseret
472 982 509 1012 me
523 966 546 1012 in
561 966 639 1028 primis
650 966 749 1022 illorum,
766 966 803 1025 qui
817 964 934 1009 losiionem
945 978 983 1008 co*

91 1068 92 1073 ’
181 1056 258 1103 dicum
274 1054 373 1116 ejiciunt,
389 1066 414 1101 ut
428 1054 529 1114 frigidam
548 1064 612 1116 atque
628 1054 709 1100 exilem
724 1041 853 1110 dictionem,
869 1050 982 1098 ‘nomen'

91 1154 93 1181 ³
183 1146 270 1207 utique,
286 1144 408 1205 impingant
419 1142 548 1189 nobilissimo
556 1144 657 1189 Maronis
666 1143 724 1189 loco.
757 1141 871 1198 consulas,
887 1138 984 1185 silibue·

182 1236 223 1291 rit,
239 1250 288 1297 quae
300 1231 369 1296 nupir
379 1234 476 1279 diximus
486 1234 510 1279 in
521 1234 593 1279 nostro
604 1233 689 1279 deloslu
702 1232 866 1292 tmgoediatum,
881 1232 907 1276 ad
918 1230 985 1275 Euri·

183 1324 239 1385 pidis
249 1323 357 1381 Alcestin,
373 1336 420 1368 ver.
433 1336 447 1384 9
451 1320 488 1382 56.
499 1322 576 1383 quibus
587 1320 705 1367 sacileeffot
713 1319 826 1367 cumulati
836 1318 983 1382 superaddere.

184 1396 290 1459 conseras
300 1410 396 1457 AEn.vi.
413 1408 452 1456 62.

217 1500 272 1547 Ver.
280 1497 336 1557 786.
351 1498 464 1544 Potentior
472 1498 519 1544 hmo
528 1497 559 1543 est
569 1497 647 1554 lesliog
660 1493 724 1543 {MS
734 1494 842 1562 Coll.Jes.
849 1498 969 1559 depromta.

216 1589 271 1635 Ver.
282 1588 337 1651 850.
361 1587 397 1631 Sic
407 1586 480 1632 visum
494 1586 524 1632 est
539 1585 675 1644 distinguere.
706 1586 809 1646 Abrupta
821 1586 852 1631 est
864 1584 985 1633 festinantis

184 1684 207 1722 ot
223 1675 324 1722 nonnihil
338 1671 491 1721 stomachantis
505 1673 581 1720 oratio.
614 1653 634 1704 “¹
640 1675 714 1733 Egone
729 1672 838 1720 considam
853 1674 905 1719 huic
919 1690 986 1720 mon·

185 1768 203 1796 “
213 1764 270 1809 stro?
289 1762 349 1829 Qid
358 1762 434 1808 enimi
453 1758 485 1807 fac
496 1759 571 1808 autim
582 1776 619 1806 me
628 1762 698 1807 velle:
715 1776 772 1807 anne
786 1758 817 1807 iti
828 1762 944 1808 credendus
953 1764 984 1809 est

185 1855 202 1883 ‘⁴
212 1852 301 1908 AEneas,
318 1865 354 1896 me
368 1850 517 1909 gubernatore,
533 1846 640 1913 quiflbene
653 1850 754 1895 noverim
769 1850 881 1911 quid'albi
898 1863 985 1912 peccent

185 1944 204 1972 “
212 1939 282 1997 venti,
298 1950 320 1986 et
329 1928 430 1985 sirenum
440 1939 522 1986 coelum
530 1933 557 1985 ?”

220 2028 308 2074 AEneid.
320 2029 350 2074 vi.
366 2041 412 2074 ver.
423 2039 433 2073 ι
439 2040 462 2087 5·
485 2027 668 2073 Commodiomm
677 2026 848 2086 distinctionem,
856 2037 883 2074 ut
893 2028 987 2088 videtur,

185 2115 334 2162 adhibuimus.
367 2115 441 2172 Silius,
457 2115 481 2160 in‘
492 2115 592 2175 parallelo
601 2113 658 2170 loco,
674 2117 713 2162 rii.
729 2129 768 2177 94.

315 2205 447 2266 Suspensum
458 2203 493 2250 hic
504 2204 584 2249 librans
594 2206 602 2233 ‘
611 2204 683 2250 media
694 2206 750 2251 inter
760 2205 845 2253 nubiln'
855 2221 934 2270 corpus

316 2293 437 2350 fEnavitr,
465 2310 468 2316 ·
490 2335 499 2348 ,

187 2381 291 2431 Valerius
301 2381 397 2440 Flaccus,
413 2397 436 2428 v.
457 2379 513 2442 316.

201 2475 203 2482 ⁴
316 2502 421 2518 .....
437 2479 569 2532 tantumque
579 2468 654 2518 ‘fretis
663 2471 791 2518 enavimus'
801 2473 885 2522 orbem.

220 2563 273 2608 Ver.
286 2573 324 2621 33.
346 2559 459 2620 Tenemus
472 2558 528 2604 hanc
542 2540 669 2616 leslionetn,
683 2558 750 2607 doute
761 2561 830 2608 editor
839 2563 917 2625 aliquis
927 2567 989 2613 nobis

184 2650 316 2710 exemplum
325 2649 368 2694 tale
378 2647 497 2710 synizeseos
508 2647 568 2692 nobis
580 2657 652 2703 eruat,
666 2658 706 2694 aut
716 2649 852 2710 dactylicum
863 2651 929 2698 simili
941 2653 989 2700 sor-

189 2733 333 2796 miversum,
349 2736 387 2782 ubi
397 2737 485 2798 sequens
495 2749 539 2781 non
550 2734 641 2797 incipiat
650 2733 664 2780 ὲ
674 2735 743 2783 vocali
753 2733 826 2783 litori.
854 2739 883 2785 Et
893 2743 989 2786 ‘omne’

189 2839 229 2888 pro
239 2837 304 2870 omne
315 2823 381 2881 ‘loci,
390 2823 475 2884 templi,
485 2823 619 2880 domorum,'
632 2823 668 2869 vel
678 2823 801 2871 similium:
814 2825 912 2873 consulas
918 2827 991 2875 Hein-

191 2911 249 2958 sium
259 2912 286 2958 nd
297 2912 364 2958 Ovid.
374 2912 436 2973 epist.
447 2911 487 2957 xii.
505 2923 545 2968 27.
588 2956 592 2966 ,

222 3001 275 3046 Ver.
285 2997 324 3060 53.
348 3000 385 3045 nd
396 2998 451 3045 hanc
462 3013 565 3046 normam
576 2997 708 3046 innodabit
721 3002 781 3046 lotus
790 3003 991 3062 enuntinguendus

189 3087 341 3148 legendosque.
376 3087 503 3133 Lesbiontm
520 3087 620 3133 codicum
640 3089 786 3148 quorundum,
809 3090 845 3135 hic
867 3091 989 3153 repositam,

192 3175 335 3223 divinationes
346 3175 423 3222 nollrae
433 3173 516 3222 dudum
525 3175 649 3236 attigerant.

560 3275 576 3309 2
