2509 3875
230 325 287 378 124
489 317 769 390 AENEIDOS,
916 319 1028 379 edm.

225 473 275 532 Ad
289 492 340 530 nos
353 473 403 532 vix
417 475 512 533 tenuis
525 477 610 534 fernae
621 475 779 553 perlabitur
791 493 870 534 aurs.

265 575 375 634 Primus
388 577 445 635 init
458 577 567 636 bellum
578 577 737 656 Tyrrhenis
749 577 829 654 asper
841 579 878 634 ab
890 576 956 646 oris,

225 679 395 736 contemtor
406 680 512 748 divom,
532 679 714 750 Mezentium
736 679 908 755 agminaque
923 686 1025 739 annet.

224 781 313 838 Filius
326 781 395 840 huic
403 781 489 859 juxta
503 783 621 851 Lausus,
641 801 699 858 quo
717 781 863 858 pulchrior
875 781 947 838 alter

224 883 294 942 Non
306 884 374 952 fuit,
393 894 515 961 excepto
530 885 679 942 Laurentis
692 901 808 959 corpore
821 882 931 940 Turni:

224 985 341 1054 Lausus,
361 988 470 1062 equirm
482 986 617 1057 domitor,
638 985 852 1062 debellatorque
869 985 1004 1054 serarum,

222 1087 314 1145 Ducit
325 1087 465 1163 Agyllinh
477 1087 674 1164 nequidquam
687 1107 725 1146 ex
740 1089 809 1144 urbe
822 1086 932 1146 secutos

221 1188 307 1246 Mille
319 1189 406 1260 viros,
428 1190 543 1264 dignus,
563 1190 662 1266 patriis
676 1189 726 1264 qui
740 1189 830 1246 laetior
844 1189 913 1246 esset

221 1291 360 1368 imperiis,
381 1300 411 1348 et
424 1291 472 1350 cui
484 1301 566 1367 pater
577 1290 656 1348 haud
670 1291 833 1350 Mezentius
846 1290 924 1367 esset.

261 1394 323 1450 Post
335 1393 395 1460 hos,
415 1393 558 1469 infignem
570 1393 665 1470 palmi
678 1412 730 1469 per
742 1393 881 1470 gramina,
895 1411 1022 1464 currum,

220 1494 405 1571 Vitioresque
418 1505 542 1552 ostentat
554 1514 651 1570 equos,
666 1495 740 1552 satus
752 1495 877 1554 Hercule
890 1495 1020 1572 pulchro,

220 1597 340 1656 Pulcher
352 1597 529 1667 Aventinum
551 1597 700 1674 clipeoque
712 1598 822 1674 inhgne
837 1609 989 1675 paternum

220 1701 346 1760 Centum
356 1719 473 1778 angues,
484 1700 666 1775 cindamque
680 1698 754 1776 gerit
767 1699 944 1776 serpentibus
955 1701 1020 1778 Hy·

299 1807 393 1862 dram:

221 1906 310 1965 Collis
323 1904 463 1965 Aventini
476 1905 545 1964 srlvh
557 1925 644 1982 quem
658 1899 737 1963 Rhea
750 1903 877 1965 sacerdos

220 2011 369 2067 Furtivum
382 2020 465 2086 partu
478 2008 530 2066 sub
543 2008 660 2065 luminis
673 2008 765 2065 edidit
778 2028 849 2079 oras,

219 2112 317 2169 Mixta
329 2114 383 2169 deo
395 2111 508 2179 mulier,
528 2110 677 2186 postquam
691 2110 847 2169 Laurentia
861 2110 958 2181 vittor,

219 2215 352 2290 Geryone
365 2212 510 2279 exstintto,
530 2212 702 2288 Tirynthius
715 2212 820 2289 adtigit
833 2232 908 2281 arva,

218 2316 426 2390 Tyrrhenoque
438 2316 523 2371 boves
535 2313 566 2370 in
580 2314 701 2372 flumine
711 2314 782 2373 lavit
796 2316 900 2374 Iberas.

218 2416 278 2475 Pila
292 2434 389 2484 manu,
409 2414 552 2491 saevosque
565 2428 671 2492 gerunt
683 2416 714 2473 in
729 2417 803 2474 bella
817 2417 948 2487 dolones3

219 2520 257 2577 Et
270 2518 353 2575 tereti
366 2528 497 2594 pugnant
511 2536 657 2587 mucrone,
672 2537 798 2593 veruque
811 2518 932 2575 Sabello.

218 2621 282 2697 Ipse
294 2621 387 2697 pedes,
409 2629 545 2695 tegumen
563 2631 698 2695 torquens
710 2619 826 2677 inmane
839 2620 938 2689 leonis,
1036 2635 1187 2695 -ὴη

217 2722 354 2782 Terribili
367 2724 506 2798 inpexum
521 2721 597 2789 saeta,
617 2741 684 2779 cum
697 2722 830 2779 dentibus
844 2722 915 2779 albis

217 2827 339 2885 Indutus
351 2823 448 2901 capiti,
470 2824 507 2881 fic
520 2823 596 2899 regia
613 2824 687 2880 testa
700 2821 816 2880 subibat

217 2928 368 2995 Horridus,
389 2926 590 3001 Herculeoque
603 2924 737 2981 humeros
749 2924 872 2985 innexus
884 2926 1002 2986 amiblu.

256 3032 334 3087 Tum
347 3029 457 3107 gemini
471 3029 572 3085 fratres
584 3027 716 3087 Tiburtia
730 3029 837 3088 moenia
850 3031 996 3107 linquunt,

218 3132 322 3189 Fratris
331 3130 448 3189 Tiburti
461 3130 567 3187 dmm
579 3129 751 3204 cognomine
764 3141 891 3207 gentem,

218 3234 404 3311 Catillusque,
425 3252 547 3307 acerque
560 3233 658 3301 Coras,
678 3234 786 3310 Argiva
796 3234 946 3311 juventus,
