2509 3875
268 340 310 400 54
530 336 806 406 AENEIDOS,
951 334 1066 403 amau

271 488 341 545 Non
353 488 443 547 Beroe
457 488 546 559 vobis,
566 510 623 549 non
638 492 700 550 baec
714 490 854 559 Rhoeteia,
873 496 987 559 matres,

270 588 319 655 Est
332 589 450 666 Dorycli
464 590 601 667 conjunx.
641 594 743 653 Divini
757 595 835 670 figna
847 593 964 662 decoris,

271 692 464 768 Ardentisque
477 704 575 753 notate
587 696 696 754 oculos:
718 696 770 772 qui
783 695 896 772 spiritm
908 694 962 762 illi,

272 794 336 852 Qui
348 797 451 867 voltus,
471 798 605 874 vocisque
618 799 710 867 sonus,
730 809 759 856 ct
772 798 877 875 greffus
890 797 985 855 euntil

270 896 334 973 Ipsa
348 908 461 974 egomet
475 901 584 957 dudum
595 901 705 958 Beroen
718 900 837 977 digreffa
849 900 954 975 reliqui

271 999 403 1075 AEgram,
423 1001 635 1077 indignantem,
656 1002 707 1059 tali
720 1003 797 1077 quod
810 1002 866 1059 sola
880 1009 988 1059 careret

270 1100 402 1184 Munere,
423 1122 476 1161 nec
488 1102 604 1163 meritos
616 1104 750 1163 Anchisae
762 1103 881 1161 inferret
896 1103 1026 1161 honores.

159 1206 162 1212 '
271 1203 342 1259 Haec
355 1203 450 1263 effata.

305 1305 352 1369 ¹At
364 1316 467 1365 matres
479 1308 581 1383 primo,
594 1307 741 1385 ancipites,
759 1306 905 1383 oculisque
918 1305 1052 1383 malignis

271 1408 436 1484 Ambiguae,
457 1409 580 1486 spectare
594 1410 671 1478 ratis,
691 1408 826 1466 miserum
838 1409 914 1466 inter
926 1428 1053 1468 amorem

270 1508 417 1576 Praesentis
430 1518 519 1580 terrae,
539 1511 663 1586 satisque
675 1510 806 1569 vocantia
819 1530 921 1588 regna:

272 1614 374 1671 Ouum
386 1615 439 1671 dea
451 1614 480 1671 se
492 1614 606 1691 paribus
618 1634 669 1690 per
681 1614 786 1671 coelum
801 1614 913 1673 sustulit
925 1614 987 1683 alis,

271 1716 480 1791 lugentemque
492 1716 562 1792 fugi
575 1715 666 1773 secuit
677 1716 729 1775 sub
742 1717 867 1775 nubibus
879 1736 986 1775 arcum.

269 1817 349 1873 Tum
362 1814 437 1887 ve'ro,
458 1817 593 1875 adtonitae
607 1818 746 1887 monstris,
766 1820 891 1894 actaeque
903 1820 1008 1887 surore,

270 1920 468 1991 Conclamant,
479 1920 651 1998 rapiuntque
661 1920 732 1979 focis
744 1920 936 1998 penetralibus
947 1920 1061 1996 ignem:
1093 1941 1099 1952 ¹

270 2023 335 2082 Pars
349 2021 471 2099 spoliant
482 2042 557 2093 aras,
579 2023 721 2089 frondem,
733 2042 767 2079 ac
776 2023 909 2098 virgulta,
922 2021 1065 2097 facesque,

270 2122 444 2198 Conjiciunt.
485 2124 565 2181 Furit
578 2123 696 2180 inmiffis
707 2124 851 2180 Volcanus
863 2123 982 2180 habenis

269 2225 401 2282 Transsra
414 2243 473 2301 per,
493 2235 522 2280 et
535 2242 637 2293 remos,
656 2233 687 2281 et
699 2223 787 2300 pina
800 2226 893 2282 abiete
905 2225 1015 2301 puppis.

308 2325 438 2382 Nuntius
448 2324 631 2390 Anchisaead
645 2326 798 2395 tumulum,
810 2345 971 2403 cuneosque
983 2327 1064 2396 theass

387 2427 432 2494 tri,

269 2527 401 2584 Incensas
413 2527 520 2604 perfert
533 2529 612 2586 navis
626 2530 776 2590 Eumelus:
797 2539 827 2587 et
840 2530 893 2606 ipsi

270 2629 437 2707 Respiciunt
450 2641 541 2688 atram
554 2633 583 2688 in
598 2632 698 2692 nimbo
711 2633 830 2693 volitare
842 2633 980 2692 favillam.

271 2735 379 2792 Primus
392 2742 422 2790 et
436 2733 584 2803 Ascanius,
604 2735 701 2793 cursus
714 2746 746 2793 ut
759 2736 840 2793 laetus
852 2737 987 2811 equestris

270 2839 410 2906 Ducebat,
432 2837 470 2894 sie
483 2855 547 2894 acer
560 2856 635 2912 equo
649 2840 761 2895 trubata
774 2833 876 2915 petivit

270 2941 364 2998 Castra
371 2965 379 3011 i
401 2959 454 2996 nec
466 2939 611 2997 exanimes
623 2938 738 3016 poffunt
750 2941 874 2998 retinere
887 2939 1024 3015 magistri.

234 3031 237 3036 ¹
270 3043 345 3104 uuis
357 3043 437 3100 furor
449 3042 499 3099 isse
511 3043 619 3100 novus?
640 3036 697 3117 quo
709 3061 795 3111 nunc,
808 3061 866 3117 quo
879 3041 1005 3113 tenditis,
1017 3043 1065 3104 ina

284 3201 288 3216 ,
347 3145 419 3220 quit,
600 3207 605 3212 ,
832 3128 838 3138 ’

270 3247 351 3304 Henl
366 3246 475 3310 miserae
485 3248 575 3306 cives?
596 3266 656 3306 non
665 3246 783 3316 hostem,
792 3246 968 3324 inimicaque
978 3248 1066 3330 castro
