2509 3875
217 362 325 425 v.5l9.
520 352 620 409 LIB.
659 351 713 409 xt.
953 355 1014 422 249

218 508 398 583 Tibumiqne
410 526 524 567 manus:
546 508 627 566 ducis
639 515 670 565 et
682 516 716 565 tu
726 504 844 582 concipe
856 523 963 563 curam.

219 612 266 671 sic
277 610 327 680 ait,
347 620 377 669 et
389 612 503 686 paribus
515 609 676 687 Messapum
688 609 720 667 iu
731 608 832 685 proelia
845 607 927 667 distis

218 716 367 781 Hortatur,
387 711 531 789 sociosque
543 710 630 771 duces
633 738 642 783 3
664 722 694 769 et
705 711 800 789 pergit
812 710 843 767 in
856 710 973 767 hostem.

257 816 305 873 Est
317 834 403 874 curvo
414 798 554 873 amfrabtu
566 815 663 883 valles,
681 813 867 872 adcommoda
881 810 984 881 fraudi,

219 920 432 994 Armorumque
445 917 530 987 dolie5
548 935 635 992 quam
648 916 738 975 densis
748 915 896 973 frondibus
909 922 1003 973 atrum

218 1022 332 1096 Urguet
345 1019 489 1095 utrimque
502 1019 589 1090 latus,
610 1018 704 1076 tenuis
717 1037 774 1093 quo
790 1016 897 1076 semina
909 1015 999 1086 ducit,

218 1122 412 1200 Angustaque
424 1122 520 1181 serunt
534 1122 641 1191 fauces,
660 1121 810 1197 aditusque
821 1119 952 1197 maligui,
1007 1123 1011 1134 ⁴

219 1229 304 1286 Hanc
317 1226 409 1303 super,
422 1226 452 1283 in
467 1225 586 1303 speculis
596 1225 763 1301 summoque
774 1222 921 1282 invertioe
930 1241 1013 1282 mun·

299 1329 344 1397 tis,

217 1431 353 1491 Planities
365 1431 463 1507 ignota
472 1428 558 1507 jacet,
579 1429 691 1505 tutique
702 1436 850 1505 receptus:

219 1536 275 1593 Seu
288 1534 388 1591 dextri
400 1533 527 1608 laevaque
540 1530 609 1589 velis
623 1549 769 1588 occurrere
782 1549 898 1607 pugna,

220 1635 283 1696 Sive
295 1634 397 1693 instare
404 1633 493 1711 jugis,
512 1642 541 1693 et
553 1633 672 1709 grandia
684 1633 798 1690 volvere
809 1632 887 1691 faxo.
997 1620 1001 1625 ’

219 1740 287 1798 Huc
295 1737 408 1814 juvenis
419 1739 488 1797 ,noti
501 1737 593 1795 fertur
605 1736 722 1813 regione
733 1735 861 1806 viarum3

219 1840 412 1918 Adripuitque
424 1840 529 1907 locum,
549 1848 579 1895 et
592 1838 666 1897 silvis
678 1837 782 1895 insedit
793 1836 911 1913 iniquis.
1008 1838 1013 1853 ’

258 1944 395 2002 Velocem
407 1943 514 2000 interea
527 1941 635 2017 superis
646 1941 678 1998 in
691 1940 803 1998 sedibus
816 1939 917 2016 Opim,

134 2088 135 2093 κ
219 2047 316 2104 Unam
328 2065 365 2104 ex
378 2044 536 2122 virginibus
549 2042 631 2100 sociis
641 2042 775 2117 sacrique
787 2041 910 2112 catervi,

219 2149 418 2226 conpellabat,
438 2155 468 2206 et
480 2147 531 2205 has
545 2145 627 2202 tristis
637 2144 758 2202 Latonia
771 2163 854 2201 voces

219 2251 278 2309 Ore
291 2252 391 2324 dabat:
414 2247 550 2306 Graditur
562 2247 672 2306 bellum
683 2247 720 2304 ad
732 2245 846 2304 crudele
856 2245 988 2316 Camilla,

219 2355 247 2414 Ο
262 2354 355 2430 virgol
377 2360 407 2410 et
420 2350 518 2410 nostris
532 2349 727 2425 nequidquam
742 2349 870 2426 cingitur
882 2349 977 2420 armis,

219 2460 292 2518 Cara
302 2457 375 2516 mihi
386 2465 453 2515 ante
463 2453 545 2514 alias:
561 2453 742 2528 nequeenim
751 2471 840 2510 novus
848 2453 900 2510 itie
910 2454 1013 2512 Dianae

219 2559 309 2618 Venit
321 2577 408 2626 amor,
429 2555 579 2632 subitique
593 2554 724 2613 animum
736 2555 887 2614 dulcedine
900 2555 1000 2615 movit.

260 2660 356 2718 Pulsus
368 2662 406 2718 ob
418 2658 555 2716 invidiam
568 2675 666 2732 regno,
679 2657 808 2734 virmque
820 2657 960 2734 superbas,

221 2763 354 2822 Priverno
366 2761 485 2837 antiqui
497 2760 633 2816 Metabus
645 2777 712 2816 cum
724 2759 874 2816 excederet
886 2761 966 2827 urbe,
977 2797 979 2801 -
1007 2807 1011 2812 ,

221 2864 376 2931 Infantem,
396 2862 510 2938 fugiens
522 2859 616 2918 media
629 2860 706 2918 iuter
718 2860 817 2936 proelia
830 2859 910 2930 belli,

221 2967 341 3026 Sustulit
353 2965 451 3024 exsilio
464 2963 612 3033 cortitum,
634 2962 789 3037 matrisque
801 2959 914 3019 vocavit
1007 2965 1011 2970 ’

220 3070 348 3130 Nomine
361 3066 512 3134 Casmillae,
531 3064 643 3122 mutati
654 3072 743 3140 parte,
763 3063 928 3122 Camillam.
1007 3116 1010 3121 .

221 3175 292 3252 Ipse,
313 3174 374 3232 smu
387 3189 445 3248 prae
458 3170 486 3228 fe
499 3177 622 3246 portans,
638 3165 710 3244 juga
722 3167 808 3244 longa
820 3169 936 3244 petebat

222 3278 524 3336 Solorumnemorum:
547 3269 1014 3350 telaundiquefaevapremebant,
