2509 3875
244 285 360 372 y.s7o.
432 286 455 334 s
529 289 636 349 usa.
675 290 766 352 vsu:
996 297 1053 360 157

250 444 434 519 Secretusque
446 444 522 523 pius:
544 447 589 504 his
602 449 721 506 dantem
729 445 794 523 jura
807 447 957 504 Catonern.
1053 455 1057 500 1

289 547 363 603 Haec
375 547 452 604 inter
465 549 571 607 tumidi
582 551 640 608 late
653 550 739 608 maris
751 551 813 608 ibat
825 549 931 626 image,

250 650 347 707 Aurea
352 675 362 720 3
383 649 432 706 sed
444 644 535 709 fluelu
547 651 718 729 spumabant
731 653 835 710 caerula
849 671 933 722 cano,
1033 653 1035 658 ’

249 752 289 810 Et
301 753 420 822 circum,
439 765 559 830 argento
571 755 651 824 clari,
671 755 821 830 delphines
833 753 864 810 in
878 757 978 811 orbem

249 855 381 930 AEquora
394 860 545 914 verrebant
556 858 664 926 caudis,
685 858 839 932 aestumque
851 855 993 915 secabant.

248 959 284 1014 In
298 959 395 1016 medio
407 959 498 1016 claffis
510 970 618 1028 aerataS,
639 961 723 1018 Attia
738 961 821 1028 bella,

249 1063 375 1122 Cernere
388 1073 464 1133 erat,
485 1073 637 1140 totumque
650 1064 784 1122 instrutilo
797 1065 893 1121 Marte
905 1063 1015 1141 videres
1054 1075 1057 1083 “

248 1165 368 1222 Fervere
382 1167 537 1235 leucaten,
557 1186 682 1242 auroque
695 1167 833 1244 effulgere
846 1166 958 1225 fluetus.

247 1267 329 1324 Hinc
342 1268 497 1343 Augustus,
517 1287 604 1344 agens
616 1270 703 1327 Italos
716 1269 746 1326 in
761 1269 870 1346 proelia,
891 1269 986 1328 Caesar

247 1371 325 1427 Cum
347 1371 485 1443 Patribus,
510 1372 684 1448 Populoque,
706 1372 866 1441 Penatibus,
887 1382 916 1429 et
936 1373 1048 1448 magnis

325 1473 378 1541 dis,

247 1575 330 1633 Stans
343 1575 418 1632 celsa
429 1575 461 1632 in
479 1575 568 1652 puppi
574 1601 583 1647 5
606 1576 734 1654 geminas
751 1577 799 1634 cui
818 1586 945 1653 tempora
963 1577 1046 1636 flam-

326 1698 385 1735 mas

246 1784 327 1841 Laeta
339 1793 470 1851 vomunt,
490 1783 674 1860 patriumque
691 1783 818 1859 aperitur
830 1783 936 1841 vertice
949 1784 1034 1842 fidus.
1049 1791 1052 1796 ’

246 1886 330 1945 Parte
343 1885 408 1955 alia,
429 1887 522 1945 ventis
536 1895 566 1944 et
578 1888 621 1944 dls
634 1886 764 1963 Agrippa
778 1885 918 1955 secundis,

245 1991 363 2047 Arduus
374 2010 477 2066 agmen
490 2008 591 2066 agens:
606 1989 664 2056 cui,
677 1988 745 2045 belli
758 1987 868 2063 insigne
881 1988 1054 2065 superbum,

245 2092 389 2168 Tempora
403 2093 498 2151 navali
510 2093 625 2169 fulgent
639 2091 753 2148 rostrata
766 2091 879 2147 corona.

246 2196 328 2275 Hine
339 2216 393 2273 ope
406 2197 562 2267 barbarica,
581 2196 723 2271 variisque
736 2194 881 2253 Antonius
895 2196 990 2267 armiS,
1051 2236 1055 2241 -

245 2299 345 2356 vietor
358 2302 394 2356 ab
407 2302 528 2357 Aurorae
540 2299 652 2375 populis
665 2314 694 2357 et
706 2300 791 2357 litore
804 2301 899 2369 rubr0‚

245 2403 421 2479 AEgyptusn‚
437 2402 567 2477 viresque
580 2401 717 2472 Orientis,
738 2412 767 2459 et
781 2402 882 2460 ultima
895 2401 992 2461 secum

245 2506 345 2563 Baetra
366 2505 460 2577 vehit3
483 2504 676 2579 sequiturque,
697 2505 791 2563 nefas!
814 2505 957 2582 AEgyptia
975 2523 1043 2563 con·

290 2641 293 2647 ,
320 2626 405 2684 junx.

246 2712 314 2770 Una
327 2731 426 2770 omnes
438 2730 528 2779 ruere,
548 2730 581 2768 ac
595 2720 689 2769 totum
702 2710 840 2788 spumare,
860 2712 984 2768 reduelis
1048 2716 1052 2722 “

245 2816 422 2875 convolsum
435 2814 521 2872 remis
532 2813 682 2889 rostrisque
696 2814 877 2880 tridentibus,
896 2829 1003 2886 aequor,

245 2919 316 2975 Alta
328 2926 445 2994 petunt:
466 2917 568 2993 pelago
583 2917 680 2993 credas
694 2916 793 2973 inuare
806 2913 926 2969 revolsas
1033 2982 1036 2987 Ι

204 3070 207 3078 ,
245 3020 394 3095 Cycladas,
415 3030 466 3076 aut
478 3018 583 3076 montis
595 3036 763 3076 concurrere
775 3014 921 3073 montibus
935 3016 1023 3075 altos:
1048 3036 1056 3071 s

244 3121 340 3177 Tarni
353 3122 429 3179 mole
441 3121 495 3178 viri
508 3120 618 3178 turritis
631 3120 774 3196 puppibus
787 3116 901 3176 instant.

246 3222 500 3298 Stuppeaflamma
515 3241 613 3293 manu,
634 3222 757 3297 telisque
770 3220 884 3281 volatile
893 3222 1013 3293 ¹ferrum,
