2509 3875
266 286 334 369 ¹aas
534 278 810 350 AEnmnos,
965 264 1078 341 usas}

277 436 316 493 Et
329 434 427 494 sellam
439 434 521 513 regni
534 438 717 512 trabeamque
726 433 848 512 insignia
860 433 957 494 nostri.

277 534 424 605 consulite
437 537 468 595 in
482 538 618 609 modium,
638 548 670 596 et
681 540 764 597 rebus
780 536 935 595 succurrite
946 536 1035 595 sessis.
1073 592 1081 601 ,

314 642 393 700 Tum
403 642 530 701 Drances
539 641 616 701 idem
628 639 765 712 infensus,
778 660 865 717 quem
877 639 968 717 gloria
977 640 1077 699 Turni

276 742 403 821 obliqua
415 744 532 813 invidis,
552 742 729 820 stimulisque
742 742 869 819 agitabat
881 740 992 812 amaris,

276 846 385 924 Largus
398 864 494 923 opum,
515 856 544 903 et
556 846 657 923 lingui
672 844 782 913 melior,
802 844 851 903 sed
863 844 969 921 frigida
981 844 1063 902 bello
1163 822 1173 832 ¹

275 948 411 1015 Dextera,
432 947 554 1005 coufiliis
567 948 682 1005 habitus
694 966 752 1004 non
765 945 858 1005 sutilis
870 946 976 1016 audior,
1079 1004 1083 1009 ,

277 1050 422 1109 Seditione
434 1060 549 1127 potens5
570 1068 660 1127 genus
672 1050 742 1109 huic
754 1060 881 1109 materna
898 1050 1055 1127 superbum

276 1150 422 1209 Nobilitas
435 1152 529 1221 dabat,
548 1151 691 1210 incertum
704 1153 740 1209 dc
753 1162 833 1228 patre
847 1152 992 1224 serebant3

277 1252 383 1329 Surgit,
403 1262 433 1311 et
445 1252 490 1311 his
502 1264 600 1311 onerat
613 1253 705 1324 diuis,
725 1263 811 1330 atque
824 1263 950 1331 aggerat,
968 1253 1040 1311 iras:

315 1354 388 1412 Rem
401 1355 473 1413 nulli
487 1354 643 1425 obscuram,
661 1358 759 1415 nostrae
772 1375 826 1415 nec
838 1356 915 1415 vocis
926 1344 1075 1433 egentem,

276 1456 419 1528 Consulis,
439 1459 543 1515 obone
556 1459 619 1516 rex!
643 1459 749 1517 Condi
762 1457 790 1517 se
803 1457 873 1517 scire
885 1459 1023 1530 satentur,

277 1559 360 1619 Quid
374 1560 489 1618 sortuna
502 1560 575 1619 ferat
587 1560 700 1637 populi;
722 1560 770 1619 sed
782 1561 877 1619 dicere
888 1560 1022 1619 mussant.

276 1663 336 1721 Det
348 1662 508 1721 libertatem
522 1662 612 1733 sandi,
631 1664 772 1738 flatusque
783 1664 920 1734 remittat,

276 1764 367 1842 Cujus
380 1768 417 1824 ob
431 1765 586 1843 auspicium
600 1764 763 1833 infaustum,
779 1784 926 1841 mnrnsque
939 1766 1073 1838 sinistros,
1168 1739 1172 1754 Ι

277 1868 396 1945 (Dicam
417 1870 560 1945 equidem,
586 1866 655 1924 licet
676 1884 755 1924 arma
775 1866 856 1939 mihi,
879 1878 1073 1945 mortemque,

351 1971 490 2046 minetur)

275 2074 399 2132 Lumina
412 2084 456 2131 tot
469 2073 598 2132 cecidisse
612 2073 728 2143 ducum,
748 2081 895 2149 totamque
907 2073 1040 2132 videmus

218 2217 221 2222 -
274 2173 438 2232 consedisse
451 2178 551 2233 urbem
564 2175 656 2246 iusim
677 2177 748 2232 dum
759 2175 846 2233 Troia
859 2184 951 2233 tentat
993 2157 998 2162 ⁷

274 2275 380 2343 Castra,
399 2277 478 2352 sugae
490 2277 589 2346 fidens,
609 2286 639 2334 et
651 2277 757 2335 ooelum
772 2277 882 2334 territat
894 2276 989 2364 armis,
1076 2298 1079 2304 ·
1167 2236 1171 2297 i

274 2377 375 2434 Unum
388 2378 474 2434 etiam
488 2377 569 2435 donis
581 2378 648 2447 istis,
668 2398 732 2454 quae
743 2379 866 2456 plurima
878 2379 957 2436 mitti

273 2478 444 2537 Dardanidis
457 2479 570 2555 dicique
579 2479 672 2556 jubes,
691 2499 792 2550 unum,
811 2491 930 2558 optume
942 2499 1056 2557 regum,

273 2572 400 2657 Adjicias
407 2604 415 2651 i
437 2599 491 2638 nec
504 2589 533 2638 te
546 2581 632 2640 ullius
644 2582 781 2640 violentia
793 2582 898 2652 vincat,

274 2683 356 2742 Quin
369 2693 466 2742 natam
479 2683 595 2760 egregio
607 2703 721 2761 genero,
737 2684 887 2760 dignisque
899 2685 1071 2762 hymenaeis,

272 2785 347 2855 Des,
358 2794 453 2862 pater3
476 2795 506 2842 et
517 2803 618 2861 pacem
630 2785 705 2844 hauc
718 2797 824 2844 aetemo
837 2787 943 2844 soedere
951 2786 1071 2866 jungas.
1114 2834 1118 2839 .

273 2891 372 2958 Quod,
393 2889 413 2946 s1
427 2897 529 2945 tantus¹
540 2887 628 2945 habet
645 2888 759 2957 mentis,
778 2899 809 2946 et
821 2890 942 2966 pestors,
962 2899 1079 2966 terror,

271 2990 370 3067 Ipsum
383 2992 561 3058 obtestemur,
581 2990 751 3064 veniamque
763 3009 876 3048 oremus
888 2993 924 3048 ab
936 2990 1011 3066 ipso:
1076 3036 1078 3039 .

272 3093 363 3150 Cedat
369 3117 378 3164 ς
395 3091 442 3168 jus
454 3093 599 3169 proprium
612 3091 683 3168 regi,
702 3091 867 3168 patriaeque,
887 3093 1025 3155 remittat.

272 3191 354 3250 Quid
364 3193 480 3253 miseros
493 3194 577 3254 toties
588 3195 620 3254 in
633 3203 729 3274 aperta
741 3196 866 3272 pericula
878 3195 948 3256 civis
1065 3208 1077 3259 4

885 3327 1010 3359 ..·l

1076 2640 1080 2645 -
1164 2591 1171 2657 Ι
