2509 3875
264 342 326 394 150
524 335 805 404 AENEIDOS,
960 338 1070 398 uase

268 487 381 548 Effera?
401 490 432 548 dl
445 490 534 570 capiti
547 493 642 572 ipsius,
661 494 826 571 generique,
844 490 1002 552 reservent!

268 591 389 649 Mortua
401 592 473 668 quin
487 593 575 652 etiam
584 595 727 672 jungebat
739 613 857 672 corpora
869 593 951 662 vivia,

269 695 442 772 Conponeur
453 697 643 775 manibusque
656 717 767 767 manus,
788 705 875 772 atque
888 695 985 754 oribus
996 713 1055 768 ora,

268 797 422 856 Tormenti
434 802 537 876 genus!
559 810 600 869 et,
618 801 696 858 sanie
709 802 833 876 taboque
845 797 970 866 fluentis,

269 900 423 977 Conplexu
435 901 466 958 in
481 902 594 973 misero,
613 903 702 980 longi
714 904 752 961 stc
765 911 858 960 morte
870 903 1000 960 necabat.

267 1003 313 1060 At
325 1003 392 1060 seffi·
400 1005 518 1062 tandem
530 1005 616 1075 cives,
635 1005 755 1063 infanda
767 1005 922 1074 furentem,

258 1105 385 1162 Armati
398 1104 607 1164 circumsistunt
619 1107 780 1183 ipsumque,
799 1108 989 1182 domumque:

267 1205 454 1265 Obtruncant
466 1208 563 1277 socios,
582 1209 682 1286 ignem
695 1211 731 1267 ad
744 1208 855 1285 fastigia
863 1207 983 1285 judlant.

266 1309 331 1378 Ille,
351 1309 428 1367 iuter
440 1312 549 1369 caedem
562 1312 734 1369 Rutulorum
748 1311 869 1382 clausus,
889 1311 921 1368 in
934 1329 1016 1387 agros

267 1412 443 1490 Confugere,
464 1423 493 1471 et
504 1414 599 1471 Turni
611 1413 760 1476 defendier
771 1413 891 1490 hospitis
904 1413 997 1471 armis.

267 1515 345 1591 Ergo
358 1516 451 1573 omnis
462 1516 546 1574 furiis
558 1516 680 1574 surrexit
693 1517 807 1577 Etruria
816 1515 911 1594 justia:

266 1617 378 1694 Regem
391 1619 429 1676 ad
440 1618 613 1696 supplicium
625 1619 758 1696 praesenti
771 1621 867 1676 Marte
880 1617 1039 1694 reposcunt.

266 1719 324 1778 Hir
336 1739 392 1797 ego
405 1729 443 1790 te,
462 1723 568 1794 AEnm,
588 1723 738 1780 dudnrem
750 1721 878 1780 millibus
892 1721 1004 1780 addam.

265 1823 344 1880 Toto
358 1843 483 1900 namque
495 1825 623 1884 fremunt
636 1826 785 1884 condensae
797 1825 881 1882 litore
893 1844 1003 1902 puppes
1007 1850 1017 1896 5

267 1925 414 2005 Signaque
426 1928 500 1987 serre
508 1927 628 2007 jubent:
650 1929 755 2013 retinet
768 1929 914 2005 longaevus
924 1927 1067 2006 harusperc
1187 1915 1188 1922 ἵ

265 2030 336 2089 Fata
348 2050 466 2101 canens:
490 2032 519 2091 Ο
532 2031 668 2090 Maeoniae
681 2032 790 2090 deledla
798 2030 948 2109 juventus!

263 2130 329 2190 Flos
337 2142 467 2191 veterum
474 2133 733 2209 virtusqueviritm‚
742 2154 812 2210 quoe
817 2132 947 2211 justusin
956 2133 1067 2205 hostem
1087 2194 1091 2201 ,

264 2235 333 2293 Fert
345 2236 434 2303 dolor,
454 2247 484 2293 et
497 2236 600 2294 meriti
613 2236 750 2295 adcendit
762 2236 926 2295 Mezentius
938 2236 980 2295 ira
984 2262 995 2309 3

264 2337 350 2395 Nulli
363 2337 407 2394 sae
419 2338 492 2395 Italo
506 2347 616 2396 tantam
629 2336 800 2417 subjungere
813 2348 945 2415 gentem:

263 2438 405 2495 Externos
417 2448 515 2515 optate
527 2422 623 2499 ducet.
663 2441 741 2499 Tum
755 2441 872 2499 Etrusca
886 2441 990 2509 resedit

263 2540 331 2598 Hoc
343 2540 418 2597 acies
430 2560 541 2619 campo,
562 2541 679 2601 monitis
691 2542 826 2601 exterrita
839 2544 948 2603 divom.

263 2641 328 2719 Ipse
341 2651 465 2701 oratoree
477 2645 514 2700 ad
527 2664 583 2714 me,
603 2644 744 2722 regnique
756 2664 891 2703 coronam

264 2746 342 2803 Cum
354 2745 473 2822 sceptro,
493 2746 582 2817 misit3
604 2750 780 2824 mandatque
793 2748 914 2825 insignia
926 2748 1050 2822 Tarcho,

263 2850 419 2907 Succcdam
432 2849 535 2918 castris,
548 2850 757 2927 Tyrrhenaque
769 2869 857 2927 regna
871 2852 1019 2928 capessam.

264 2952 320 3009 Sed
331 2951 406 3009 mihi
418 2953 498 3031 tarda
511 2952 588 3028 gelu,
609 2952 756 3029 saeclisque
769 2952 864 3023 effeta,
885 2954 1012 3019 senedua

262 3054 378 3112 Invidet
390 3054 555 3130 imperium,
574 3054 699 3129 seraeque
712 3056 749 3112 ad
764 3055 850 3113 sortia
862 3056 945 3115 vires.

262 3157 375 3215 Natum
387 3158 562 3226 exhortarer,
582 3158 623 3226 ni,
643 3157 751 3215 mixtus
764 3167 856 3216 matre
869 3159 991 3230 Sabella,

261 3258 344 3317 Hinc
355 3268 467 3337 partem
478 3259 580 3339 patriae
593 3260 728 3320 traheret.
758 3262 816 3333 Tu,
836 3260 916 3339 cujus
928 3272 959 3321 et
971 3263 1055 3333 anule
