2509 3875
189 293 305 357 r.571.
517 288 615 347 LIB.
653 288 714 347 Vs
951 286 990 346 el

185 443 312 501 Sidonio
325 443 365 501 est
378 442 506 501 invedtus
518 464 601 521 equo,
621 464 709 521 quem
721 443 840 503 candida
853 444 933 502 Dido
976 448 982 455 ’

99 578 101 593 r
182 546 254 603 Effe
268 545 314 601 sui
327 546 442 603 dederat
454 556 683 617 monumentum,
704 556 733 603 et
746 546 859 623 pignus,
878 546 991 606 amoris.

181 648 296 705 Cetera
309 647 464 705 Trinacriis
476 650 564 723 pubes
577 648 694 705 senioris
705 648 816 705 Acestae

181 750 293 807 Fertur
306 749 398 824 equis.

224 850 391 926 Excipiunt
403 851 502 926 plausu
515 851 642 928 pavidos,
661 852 845 927 gaudentque
857 860 972 909 tuentes

181 952 380 1021 Dardanidae;
409 962 594 1029 veterumque
619 952 797 1028 adgnoscunt
820 972 869 1010 ora
887 972 989 1030 parem

266 1064 342 1113 tum.

182 1157 340 1232 Postquam
353 1174 469 1214 omnem
486 1156 546 1214 laeti
559 1156 724 1225 consessum,
744 1157 906 1233 oculosque,
925 1158 987 1216 suo·

268 1278 334 1317 rum
982 1264 986 1269 '

184 1363 361 1421 Lustravere
374 1364 405 1419 in
417 1362 512 1438 equis,
534 1364 647 1439 fignum
659 1363 783 1419 clamore
793 1364 899 1439 paratis

184 1466 327 1542 Epytides
340 1466 428 1541 longe
440 1464 529 1532 dedit,
548 1464 735 1539 insonuitque
746 1465 873 1540 flagello.

185 1568 250 1625 Olli
264 1567 419 1624 discurrere
431 1585 520 1641 pares,
540 1575 626 1641 atque
639 1565 753 1643 agmina
766 1568 843 1623 terni

185 1669 322 1727 Didonis
335 1668 443 1725 solvere
456 1667 563 1737 choris;
585 1666 737 1742 rursusque
748 1666 844 1725 vocati

186 1775 367 1831 Convertere
380 1772 449 1841 vias,
468 1770 626 1845 infestaque
638 1770 696 1827 tela
708 1771 808 1827 tulere.

185 1876 261 1933 Inde
274 1875 345 1932 alios
359 1873 461 1931 ineunt
475 1872 579 1940 cursus,
599 1871 724 1946 aliosque
736 1872 871 1941 recursus,

183 1979 322 2037 Adversis
333 1976 440 2054 spatiis,
461 1975 635 2049 alternisque
647 1973 763 2031 orbibus
776 1975 857 2030 orbes

183 2079 353 2156 Inpediunt,
373 2096 535 2154 pugnaeque
545 2076 627 2134 cient
640 2075 788 2133 simulacra
801 2075 854 2132 sub
865 2075 964 2134 armis:

183 2185 317 2241 Etnunc
330 2191 410 2257 terga
422 2181 493 2256 sug'a
506 2181 630 2249 nudant,
652 2197 730 2236 nunc
749 2178 858 2255 spicula
870 2189 988 2240 vertunt
1081 2211 1083 2213 ·

182 2285 309 2356 infensi,
331 2284 406 2342 fasti
417 2283 523 2360 pariter
535 2301 613 2340 nnnc
625 2301 695 2360 pace
708 2282 849 2342 seruntur.

183 2389 230 2447 Ut
243 2388 390 2464 quondam
404 2387 490 2444 Creta
503 2387 594 2444 fertur
606 2385 800 2462 Labyrinthus
813 2388 844 2444 in
857 2388 916 2445 alta

185 2491 346 2550 Parietibus
359 2499 472 2548 textum
485 2490 566 2546 caecis
578 2489 643 2560 iter,
663 2489 875 2566 ancipitemque

183 2594 273 2653 Mille
285 2595 339 2652 viis
352 2594 479 2652 hahuisse
492 2594 599 2661 dolum,
620 2594 678 2669 qui
692 2592 770 2670 signa
782 2593 918 2670 sequendi

182 2699 308 2756 Falleret
320 2697 514 2773 indeprensus,
534 2707 564 2754 et
575 2697 776 2766 inremeabilis,
797 2716 883 2755 error.

184 2801 276 2860 Haud
289 2801 346 2858 alio
358 2801 503 2859 Teucrum
515 2800 578 2857 nati
591 2800 708 2876 vestigia
721 2800 804 2857 cursu

183 2903 352 2980 Inpediunt,
374 2908 534 2980 texuntque
547 2904 631 2980 sugas
643 2913 674 2960 et
685 2903 782 2980 praelia
793 2900 879 2957 ludo:

183 3006 367 3083 Delphinum
384 3007 503 3078 similes3
525 3007 575 3083 qui
588 3026 639 3083 per
649 3007 741 3064 maria
757 3001 875 3062 humida
887 3001 988 3060 nando

184 3109 375 3186 Carpathium
399 3111 598 3187 Libycumque
612 3109 727 3186 secant,
754 3107 913 3180 luduntque
933 3122 986 3181 per

261 3212 361 3270 undas.
998 3214 1007 3221 “
