2509 3875
244 347 357 436 γε’
502 369 779 438 mnnroos,
933 375 1045 441 aad,

245 522 371 597 Corpora
384 520 449 580 viva
462 525 542 582 nefas
555 524 655 602 Stygia
667 527 777 584 vedare
790 525 894 592 carind.

244 621 310 680 Nec
322 641 390 681 vero
401 625 526 683 Alciden
539 647 586 684 me
599 627 663 685 sum
675 629 786 686 laetatus
798 638 917 712 euntem

245 725 397 803 Adcepiffe
408 727 483 796 lacu,
504 747 558 786 nec
569 729 690 801 Thesea,
711 729 941 806 Pirithoumque3

246 827 300 885 Dis
310 847 484 905 quamquam
494 831 595 907 geniti,
609 842 695 907 atque
704 831 805 890 invidi
815 832 931 901 viribus,
942 831 1041 892 essent.

246 930 416 988 Tartareum
429 931 478 988 ille
494 951 582 991 manu
594 934 737 991 custodem
750 933 781 990 in
794 933 888 991 vincla
900 932 1004 1011 petivit

248 1031 338 1106 ipsius
351 1051 368 1089 a
381 1032 451 1088 solio
464 1033 546 1110 regis,
568 1035 713 1111 traxitque
726 1045 910 1094 trementem:

248 1131 288 1190 Hi
303 1133 450 1190 dominam
462 1135 540 1192 Ditis
554 1136 680 1195 thalamo
693 1138 832 1196 deducere
844 1137 945 1196 adorti.

250 1236 326 1292 Quae
339 1245 437 1293 contra
450 1237 573 1296 breviter
586 1239 645 1296 fata
659 1238 698 1296 est
710 1239 882 1316 Amphrysia
894 1249 986 1298 vates:

249 1320 347 1394 Nullae
359 1337 408 1394 hic
419 1338 528 1395 infidia
540 1341 624 1411 tales3
647 1340 744 1430 abtiste
756 1341 863 1399 moveri
873 1367 881 1410 ς

249 1438 316 1499 Nec
329 1438 388 1496 vim
403 1439 459 1496 tela
470 1440 581 1498 ferunt:
597 1419 672 1499 'licet
684 1443 785 1519 ingens
794 1441 911 1519 janitor,
931 1451 1016 1502 antro

250 1541 406 1599 AEternum
422 1542 538 1612 latrans,
558 1545 710 1622 exsanguis
724 1557 826 1606 terreat
839 1550 965 1605 umbras:

250 1642 332 1700 Casta
344 1643 412 1701 licet
424 1644 520 1720 patrui
533 1645 624 1704 servet
637 1647 800 1725 Proserpina
816 1647 916 1708 limen.

249 1744 353 1803 Troius
366 1747 484 1817 AEnmr,
503 1747 610 1826 pietate
622 1748 741 1826 insignis
753 1760 783 1808 et
796 1751 890 1821 armis,

250 1849 300 1906 Ad
312 1849 472 1924 genitorem
484 1851 555 1909 imas
568 1852 655 1910 Erebi
668 1851 814 1910 deseendit
826 1852 862 1910 ad
875 1853 1000 1912 umbras.

251 1950 280 2009 Si
294 1962 323 2010 te
336 1952 415 2011 nulla
428 1963 525 2012 movet
539 1963 626 2012 tautae
638 1955 753 2031 pietatis
765 1955 871 2031 imago,
887 1984 889 1989 ¹
967 1968 969 1972 '

250 2054 293 2113 At
305 2061 418 2115 ramum
430 2057 509 2114 hunc
523 2058 627 2133 (aperit
640 2074 761 2125 ramum,
777 2056 828 2131 qui
838 2056 912 2113 veste
925 2046 1046 2130 latebat)

250 2156 426 2233 Adgnoscae.
455 2158 582 2216 Tumida
593 2177 628 2215 ex
642 2158 694 2227 ira,
714 2166 778 2214 turn
790 2158 874 2215 corda
886 2158 1011 2214 residunt
1015 2176 1026 2227 ς,

251 2258 316 2315 Nec
328 2259 410 2335 plura
422 2258 477 2317 bis.
517 2259 580 2327 Ille,
595 2258 739 2317 admirans
751 2258 913 2316 venerabile
925 2260 1040 2318 donum·
1080 2336 1084 2344 Ι

251 2360 357 2418 Fatalis
369 2360 466 2438 virgae,
486 2361 574 2438 longo
586 2362 647 2437 post
660 2372 787 2439 tempore
800 2362 902 2432 visum,

251 2462 412 2521 Caeruleum
425 2463 547 2521 advertit
562 2464 691 2540 puppim,
709 2465 834 2541 ripaeque
847 2464 1027 2541 propinquat.

251 2566 323 2623 Inde
335 2565 405 2623 aliar
418 2566 536 2635 animas,
556 2585 620 2641 quae
634 2584 685 2642 per
694 2564 764 2643 juga
778 2566 864 2643 longa
877 2564 1022 2637 sedebant,

251 2668 404 2738 Deturbat,
423 2668 558 2743 laxatque
571 2668 660 2737 foros3
682 2668 764 2726 fimul
778 2668 885 2744 adcipit
897 2668 979 2727 alveo
1038 2682 1042 2691 '

252 2772 406 2847 Ingentem
418 2772 547 2829 AEnean:
569 2770 681 2847 gemuit
694 2769 746 2827 sub
759 2772 883 2846 pondere
896 2773 1001 2847 cymba

253 2872 360 2943 Sutilis,
380 2882 411 2930 et
423 2872 545 2929 multam
558 2872 672 2949 adcepit
684 2871 786 2929 rimosa
799 2873 943 2949 paludem.

251 2974 383 3031 Tandem
395 2985 470 3033 trans
482 2974 606 3032 fluvium
615 2973 767 3031 incolumis
777 2984 930 3050 vatemque
941 2975 1049 3035 virum·
1078 2990 1080 2994 ·
1176 2980 1181 2991 “

350 3094 387 3134 ue

252 3096 375 3237 Inforilni
386 3180 467 3249 limo,
487 3180 646 3257 glaucique
659 3180 778 3256 exponit
790 3180 821 3237 iu
835 3180 911 3239 ulva.

292 3282 432 3341 cerbero
442 3283 505 3342 haec
517 3282 620 3360 ingens
635 3282 740 3342 latratu
753 3294 840 3361 regna
854 3282 984 3343 trifauci
1032 3300 1043 3341 -:
