2509 3875
210 346 318 408 v.199.
522 341 573 398 LI
588 342 620 399 B.
661 341 699 399 X.
953 346 1010 397 201

210 493 346 551 Fatidicae
359 495 479 554 Mantus
491 505 521 553 et
532 496 620 555 Tusci
633 497 711 557 filius
724 495 815 555 amnis
822 520 831 565 ς

211 598 273 655 Qui
286 618 391 669 muros,
404 602 560 676 matrisque
571 600 651 661 dedit
663 600 726 669 tibi,
739 600 873 667 Mantua,
887 616 1008 669 nornen3

210 702 343 771 Mantua,
353 701 431 759 dives
439 702 512 759 avis!
528 702 576 760 sed
587 722 647 759 non
658 722 748 779 genus
758 702 891 759 omnibus
901 720 991 758 unum
997 724 1007 771 5

211 804 288 861 Gens
301 803 346 860 illi
359 804 473 880 triplex,
492 806 593 881 populi
606 806 659 863 sub
672 815 760 881 gente
772 802 918 879 quaterni:

210 896 274 984 lpsa
288 918 374 983 caput
392 908 517 985 populis:
539 908 635 967 Tusco
647 910 684 966 de
697 908 836 985 sanguine
848 908 930 965 vireo.

210 1012 290 1069 Hinc
303 1031 417 1088 quoque
430 1012 602 1089 quingentos
615 1012 647 1070 in
659 1013 690 1070 se
701 1011 866 1071 Mezentius
878 1020 971 1069 armat
978 1037 987 1083 3

210 1112 302 1183 Quos,
322 1127 403 1191 patre
414 1116 536 1187 Benaco,
556 1116 667 1175 velatus
678 1116 818 1175 arundine
831 1116 943 1192 glauci,

208 1218 339 1275 Mincius
352 1218 453 1276 infesti
467 1220 589 1277 dracebat
601 1219 633 1277 in
647 1238 759 1295 aequora
772 1218 853 1295 pinu.

247 1321 261 1377 1
264 1331 275 1377 t
288 1321 382 1396 gravis
394 1322 534 1390 Aulutes,
555 1323 734 1397 centenaque
745 1323 843 1379 arbore
855 1320 960 1379 fluetus

148 1458 152 1467 ·
207 1424 347 1481 Verberat
359 1408 526 1499 adsurgens:
544 1424 678 1499 spumant
685 1424 757 1481 vada
769 1442 911 1481 marmore
918 1422 1008 1483 verso.

208 1526 298 1581 Hunc
310 1524 391 1581 vehit
403 1524 528 1582 inmanis
540 1525 655 1593 Triton,
673 1537 704 1583 et
716 1526 819 1583 caerula
832 1525 942 1583 concha

209 1628 362 1682 Exterrens
375 1626 463 1683 freta:
485 1627 532 1684 cui
549 1627 672 1684 laterum
685 1636 769 1685 tenus
780 1626 893 1702 hispida
906 1628 989 1687 nanti

208 1728 296 1785 Frons
309 1726 457 1784 homiuem
469 1729 592 1805 praefert,
612 1728 645 1785 in
661 1728 760 1804 pristin
776 1729 880 1787 definit
892 1730 986 1801 alvum
1061 1788 1065 1792 .

208 1832 330 1906 Spumea
345 1828 477 1887 semifero
490 1829 542 1889 sub
554 1831 670 1907 pectore
682 1840 843 1889 murmurat
855 1833 943 1891 unda.

206 1934 265 1992 Tot
278 1932 345 1994 teeti
358 1953 497 2010 proceres,
518 1944 562 1992 ter
575 1933 656 1992 denis
668 1933 798 2001 navibus,
817 1932 901 1992 ibant

88 2053 92 2060 ·
206 2036 336 2095 Subfidio
347 2035 450 2114 Trojae‚
470 2046 500 2095 et
513 2055 627 2114 catapos
641 2036 706 2094 salis
719 2055 775 2093 aere
788 2037 929 2096 secabant.

244 2141 367 2218 Jamque
380 2141 440 2199 dies
453 2140 525 2198 coelo
538 2139 720 2207 conmiserat,
739 2139 873 2216 almaque
883 2159 968 2198 curru

204 2243 236 2301 N
237 2243 367 2320 ottivago
381 2243 486 2301 Phoebe
499 2243 627 2301 medium
640 2243 770 2320 pulsabat
783 2243 957 2319 Olympum

205 2347 324 2415 AEneas,
344 2345 529 2422 nequeenim
543 2345 680 2404 membris
693 2347 742 2403 dat
755 2365 823 2404 cura
837 2346 973 2422 quietem,

205 2449 269 2525 Ipse
282 2449 380 2507 sedens
394 2451 565 2525 clavumque
577 2450 663 2526 regit,
682 2450 809 2526 velisque
822 2452 976 2510 ministrat:

205 2552 304 2626 Atque
317 2551 370 2619 illi,
389 2552 486 2609 medio
503 2552 534 2609 in
549 2553 649 2628 spatio,
669 2553 772 2611 chorae
789 2555 868 2611 ecce!
891 2554 1005 2614 suarum

206 2653 342 2710 Occurrit
357 2655 511 2726 cornitum3
532 2654 689 2731 Nymphae,
710 2675 780 2731 quas
798 2657 874 2713 alma
887 2658 1005 2733 Cybebe

205 2756 325 2813 Numen
336 2757 440 2814 habere
453 2757 548 2827 maris,
563 2757 772 2835 Nymphasque
782 2779 799 2816 e
810 2759 929 2816 navibus
939 2759 1004 2828 effe,

204 2857 336 2934 Jufferat,
356 2859 496 2916 innabant
512 2859 628 2936 pariter,
647 2859 810 2936 fluetusque
823 2862 964 2930 secabant,

205 2961 288 3017 Quot
299 2959 377 3035 ptius
389 2971 483 3018 aeratae
497 2961 631 3019 steterant
643 2961 679 3018 ad
692 2961 777 3018 litora
789 2979 889 3036 prorae.

205 3061 394 3138 Adgnoscunt
407 3063 494 3138 longe
507 3081 614 3139 regem,
634 3063 810 3138 lustrantque
822 3061 940 3121 choreia

206 3167 348 3234 Quarum,
370 3183 434 3240 quae
446 3164 526 3222 fandi
540 3163 705 3234 doutffima,
726 3165 917 3240 Cymodocea,

204 3269 280 3326 Pone
293 3267 422 3343 sequens,
437 3267 538 3324 dextri
550 3264 671 3343 puppim
684 3274 772 3337 tenet,
793 3267 909 3344 ipsaque
920 3269 1002 3327 dorso
