2509 3875
244 332 287 382 aa
487 327 766 414 AEnarnos,
936 335 1045 400 may:

245 479 418 556 Ingentique
431 500 533 541 manus
547 486 657 542 malum
670 486 707 543 de
719 504 791 543 nave
805 481 905 541 Seresti

244 583 351 658 Erigit;
374 594 404 641 et
417 585 563 644 volucrem
576 586 693 664 trajeeio
705 589 737 644 in
750 588 819 644 fune
832 586 1006 654 columbam,

246 686 315 741 Quo
329 686 448 745 tendant
462 688 580 758 serrum,
600 691 677 747 malo
690 688 835 766 suspendit
848 692 885 747 ab
898 687 966 747 alto.

245 788 412 846 Convenere
426 789 490 859 viri,
511 790 707 868 dejesiamque
720 810 792 849 aerea
806 791 910 849 sortem

244 890 369 968 Adcepit
383 892 463 967 galea
469 918 478 963 3
504 903 533 950 et
545 896 654 971 primus
667 896 790 952 clamore
803 895 928 952 secundo

243 996 412 1071 Hyrtacidae
425 1008 492 1054 ante
504 998 597 1055 omnis
611 1000 673 1055 exit
690 998 768 1056 locus
781 997 1016 1074 Hippocoontisr'

245 1097 344 1154 Quem
357 1101 442 1155 modo
456 1100 550 1157 navali
563 1101 730 1179 Mnestheus
742 1099 897 1157 certamine
909 1100 1000 1158 vistor

244 1199 443 1276 Consequitur,
463 1197 549 1260 viridi
562 1202 727 1260 Mnestheus
740 1202 868 1259 evindtus
880 1202 966 1260 olivi.

242 1302 356 1360 Tertius
370 1304 520 1380 Eurytion,
542 1314 616 1373 tuus,
637 1304 830 1362 oclariffimei
854 1305 951 1375 frater,
1064 1383 1068 1388 υ

242 1405 383 1477 Pandare;
406 1408 456 1481 qui
469 1408 624 1483 quondam,
642 1406 731 1484 jussus
744 1407 920 1464 confundere
939 1406 1043 1479 fredus,

242 1508 277 1563 In
289 1508 397 1565 medios
410 1510 501 1567 telum
515 1509 615 1567 torfisti
628 1509 737 1586 primus
749 1510 886 1567 Achivos.

242 1612 404 1682 Extremus,
425 1613 564 1689 galedque
576 1613 646 1685 ima,
667 1613 786 1671 subsidit
798 1614 912 1673 Acestes
917 1640 927 1687 3

242 1712 337 1771 Ausus
350 1714 452 1791 etipse
465 1734 554 1774 manu
563 1714 705 1793 juvenum
719 1728 831 1775 tentare
844 1706 981 1775 laborem.

280 1816 356 1874 Turn
372 1816 471 1875 validis
483 1817 574 1877 flexos
587 1820 740 1879 incurvant
754 1820 861 1878 viribus
874 1840 964 1889 arcus,

241 1921 295 1978 Pro
308 1919 336 1978 se
350 1920 480 1998 quisque,
494 1922 566 1995 vin'y
588 1933 618 1981 et
632 1924 806 2001 depromunt
819 1923 875 1980 tela
888 1920 1041 1998 pharetris:

241 2023 392 2101 Primaque
404 2045 455 2102 per
467 2026 582 2095 coelum,
602 2045 690 2084 nervo
704 2025 847 2091 stridente,
868 2023 971 2100 sagitta

241 2127 408 2203 Hyrtacidae
417 2127 531 2204 juvenis
544 2127 667 2185 volucris
680 2112 840 2183 diverberat
853 2144 949 2194 auras;

241 2228 279 2285 Et
292 2229 381 2298 venit,
402 2230 564 2304 adversque
577 2228 711 2304 infigitur
723 2230 823 2285 arbore
836 2227 915 2286 mali.

240 2330 396 2387 Intremuit
407 2329 509 2398 malus,
530 2329 686 2405 timuitque
699 2330 834 2386 exterrita
849 2329 950 2406 pennis

239 2431 319 2498 Ales,
339 2441 368 2487 et
381 2431 495 2506 ingenti
509 2430 666 2488 sonuenrnt
678 2432 775 2489 omnia
788 2431 898 2508 plausu.

240 2533 302 2590 Post
315 2551 379 2590 acer
391 2532 557 2590 Mnestheus
571 2534 693 2592 addusto
705 2534 836 2592 constitit·
847 2553 922 2606 arcu,

239 2637 308 2694 Alta
321 2645 432 2712 petens3
448 2635 609 2712 pariterque
620 2637 727 2707 oculos,
738 2637 895 2712 telumque,
906 2637 1039 2699 tetendit.

239 2739 292 2796 Ast
304 2738 394 2816 ipsam
408 2737 584 2796 miserandus
594 2759 677 2813 avem
690 2739 855 2817 contingere
868 2741 944 2799 ferro
970 2745 975 2756 '
1039 2743 1043 2748 ’

239 2843 309 2900 Non
323 2841 430 2913 valuit5
453 2842 551 2912 nodos,
572 2852 601 2899 et
615 2842 729 2900 vincula
742 2842 827 2911 linea,
848 2843 936 2919 rupit,

144 2935 146 2940 ¹
240 2945 315 3006 Quis
328 2945 435 3001 innexa
448 2944 550 3020 pedem
565 2945 643 3002 malo
655 2945 799 3020 pendebat
811 2946 847 3002 ab
861 2945 940 3002 alto:-

240 3047 292 3104 Illa
306 3055 388 3104 notos
401 3055 487 3122 atque
501 3058 561 3104 atra
574 3046 673 3103 volans
685 3046 715 3103 in
729 3045 828 3104 nubila
841 3047 933 3124 fugit..

237 3149 317 3206 Tum
329 3149 452 3224 rapidus,
468 3146 641 3224 jamdudum
654 3166 722 3205 arcu
735 3158 871 3206 contenta
883 3159 982 3226 parato

237 3249 309 3309 Tela
324 3245 432 3322 tenens,
453 3249 571 3308 sratrem
583 3250 725 3328 Eurytion
738 3251 770 3308 in
783 3260 850 3310 vota
863 3252 984 3322 vocavit,
1035 3249 1044 3260 ’“
