2509 3875
241 328 299 387 268
503 328 778 399 AENEIDOS,
954 326 1045 386 ano.

244 466 371 560 subjecit
384 484 479 553 rubor,
498 494 528 542 et
542 484 677 545 calefada
689 503 741 562 per
752 482 808 542 offa
820 481 957 542 cucurrit.

244 584 352 643 Indum
365 584 522 663 sanguineo
534 586 624 645 veluti
638 585 788 645 violaverit
801 584 875 643 ostro

245 686 275 745 si
289 686 352 764 quia
365 690 445 757 ebur,
464 698 515 746 aut
527 688 618 747 mixta
632 690 736 745 rubent
749 686 801 745 ubi
812 686 874 745 lilia
887 684 980 743 multi

243 790 321 847 Alba
334 788 410 848 rota:
433 790 496 848 talia
509 789 591 867 virgo
602 790 689 850 dabat
701 807 751 848 ore
763 788 878 846 coloreo.

243 892 331 950 lllum
345 894 440 951 turbat
453 910 542 961 amor,
561 890 682 967 figitque
695 891 726 949 in
739 889 852 967 virgine
863 890 972 947 vultus:

244 994 337 1055 Ardet
346 992 378 1051 in
388 1012 465 1053 arma
477 993 582 1071 magis,
598 992 754 1069 paucisque
766 992 880 1054 adfatur
888 992 1044 1049 Amatam:

243 1097 302 1165 Ne,
322 1094 426 1171 queso,
446 1114 483 1153 ne
496 1114 543 1154 me
555 1094 689 1163 lacrimis,
708 1112 781 1153 neve
793 1093 890 1153 omine
902 1101 984 1153 tanto

244 1200 423 1275 Prosequere,
442 1196 474 1255 in
487 1197 551 1255 duri
564 1197 721 1256 certamina
734 1196 839 1255 Martia
851 1204 978 1265 cuntem,

243 1302 273 1361 Ο
286 1300 391 1359 meteri
412 1318 505 1375 neque
519 1298 597 1357 enim
610 1300 712 1357 'Immo
723 1317 803 1357 mora
816 1298 906 1357 libera
918 1295 1032 1357 mortis.

242 1402 374 1463 Nuntius
386 1401 447 1459 hauc
460 1401 562 1459 Idmon
578 1400 703 1477 Phrygio
715 1419 778 1458 mea
791 1398 867 1457 dieta
879 1408 1002 1475 tyranno

243 1505 331 1565 Haud
342 1502 481 1581 placitura
492 1502 579 1561 refer:
601 1502 679 1559 Cum
692 1502 819 1578 primum
830 1500 948 1559 crastina
958 1500 1046 1573 ooelo,

243 1604 374 1667 Punieeis
387 1604 498 1665 iuveda
511 1604 588 1671 rotis,
608 1604 721 1661 Aurora
734 1603 872 1674 rubescit,

243 1708 314 1769 Non
335 1710 460 1767 Teucros
482 1714 549 1783 agat
569 1706 603 1765 in
626 1705 762 1763 Rutulos:
793 1704 940 1769 Teucrum
962 1723 1047 1769 arma

321 1810 476 1888 quiescant,

244 1914 283 1974 Et
296 1912 408 1972 Rutuli:
432 1910 525 1972 nostro
538 1908 705 1970 dirimamus
717 1907 857 1986 sanguine
868 1908 989 1972 bellum.

243 2017 298 2074 Illo
312 2025 453 2092 quaeratur
464 2011 591 2090 conjunx
604 2010 723 2070 Lavinia
735 2029 845 2088 campo.

283 2119 356 2176 Haec
365 2119 414 2176 ubi
426 2117 501 2176 diua
511 2115 599 2186 dedit,
613 2113 784 2192 rapidusque
794 2112 825 2171 in
837 2113 911 2172 teda
921 2114 1045 2184 recedit,

244 2217 337 2278 Poscit
350 2237 447 2294 equos,
468 2219 630 2295 gaudetque
643 2226 727 2274 tuens
739 2223 807 2273 ante
820 2233 867 2274 ora
883 2215 1046 2286 frementia,

132 2315 136 2322 ¹
241 2321 376 2382 Pilumno
389 2335 460 2394 quos
473 2319 531 2395 ipsa
544 2320 631 2376 decus
643 2318 723 2376 dedit
735 2316 869 2393 Orithyia
874 2341 883 2389 ς

244 2421 308 2480 Oui
321 2420 442 2478 candore
455 2419 534 2476 nives
547 2419 700 2487 anteirent,
719 2419 844 2478 curtibus
857 2437 946 2476 auras.

243 2522 435 2584 Circumstant
449 2521 562 2598 properi
574 2522 690 2598 aurigae,
704 2522 894 2598 manibusque
903 2521 1054 2584 laeeffunt*

243 2627 357 2688 Pediora
371 2624 467 2702 plausa
481 2623 565 2693 cavis,
586 2632 616 2680 et
629 2623 703 2680 colla
715 2623 859 2682 comantia
872 2622 1001 2698 pectunt.

242 2731 306 2810 Ipse
319 2727 433 2795 dehinc,
453 2745 521 2784 auro
534 2725 713 2802 squalentem
725 2725 848 2800 alboque
860 2723 1014 2795 orichalco,

242 2832 410 2893 circumdat
422 2827 538 2888 loricam
552 2826 691 2896 humeris3
714 2826 796 2884 fimul
813 2835 892 2902 aptat
909 2825 1044 2886 habendo

241 2935 411 3010 Eusemque,
432 2931 623 3007 clipeumque,
644 2935 675 2984 et
688 2929 780 2983 rubrae
793 2945 899 2986 cornua
912 2927 1019 2985 cristae:

239 3035 354 3104 Ensem,
374 3053 461 3111 quem
475 3033 580 3090 Dauno
593 3027 759 3104 ignipotens
772 3028 841 3085 deus
854 3027 915 3105 ipse
926 3030 1045 3106 parenti

239 3136 364 3205 Fecerat,
384 3145 414 3193 et
427 3132 525 3210 stygia
538 3131 708 3188 candentem
722 3128 847 3186 tinxerat
861 3130 948 3190 unda.

238 3237 326 3304 Exin,
344 3255 408 3311 quae
421 3235 533 3304 mediis,
552 3231 665 3308 ingenti
678 3230 784 3296 adnixa
797 3231 950 3304 columne,
