2509 3875
274 334 334 388 230
545 306 865 393 AENEIDOS„
983 324 1080 391 v.l7.

215 502 219 509 ·
275 482 364 541 Nunc
376 477 481 539 iterari
493 498 591 557 regem
603 476 695 549 nobis,
711 494 864 553 mumrque
877 474 1008 535 Latinos.

275 584 367 643 Arma
380 592 491 660 parate3
514 581 627 651 animis,
647 590 677 637 et
690 579 748 656 spe,
767 578 932 655 praesnmite
945 578 1060 637 bellum
1065 605 1078 653 ς

276 686 325 744 Ne
338 704 394 762 qua
406 704 486 747 more
498 683 621 763 ignaros,
640 680 693 741 ubi
705 680 833 760 primum
844 680 948 740 vellere
960 681 1044 757 figna

275 787 441 847 Adnuerint
459 786 562 865 superi,
582 786 746 863 pubemque
758 785 879 843 educere
890 783 995 853 uestris,

275 891 417 968 Inpediat,
438 888 565 967 segnisve
577 896 658 945 metu
669 885 811 946 sententia
822 886 925 944 tardet.
995 955 999 962 ι

274 992 399 1063 Interea,
418 990 515 1059 socios,
534 989 741 1064 inhumataque
753 1006 879 1064 corpora,
900 996 981 1045 terrae

276 1095 463 1164 Mandanae
485 1090 537 1168 qui
554 1091 627 1150 solur
646 1090 737 1149 honos
757 1089 924 1151 Acheronte
943 1089 995 1151 sub
1012 1089 1078 1151 imo

353 1196 402 1253 est.

275 1298 330 1368 Ite,
350 1296 407 1369 nit3
429 1296 557 1373 egregias
569 1296 688 1365 animer,
707 1314 772 1373 qnae
785 1293 922 1373 sanguine
934 1295 1018 1355 nobie

275 1399 361 1457 Hanc
372 1397 496 1475 patriam
508 1416 642 1475 peperere
655 1398 715 1468 suo,
735 1399 866 1456 decorate
879 1396 1018 1475 supremis

269 1500 461 1561 Muneribus:
480 1501 663 1577 mestumque
674 1498 798 1558 Evandri
807 1498 916 1575 primus
926 1501 962 1557 ad
971 1502 1078 1562 urbem

276 1603 415 1667 Mittatur
428 1602 526 1673 Pellae,
547 1622 634 1679 quern
648 1620 705 1659 non
719 1600 833 1659 virtutis
846 1612 982 1678 egentem

276 1707 409 1771 Abstulit
422 1715 485 1771 atra
495 1706 565 1776 dier,
585 1714 615 1765 et
627 1705 730 1763 sunere
741 1704 838 1771 mersit
850 1707 963 1763 acerbo.
1077 1738 1083 1745 ·

316 1810 362 1874 sic
376 1811 417 1872 ait
434 1809 625 1878 inlacrimans,
647 1807 806 1885 recipitque
824 1809 861 1869 au
877 1808 979 1869 umna
996 1812 1083 1888 gres..
1182 1846 1184 1884 ς

394 1912 471 1974 sum:

277 2018 388 2094 Corpus
400 2017 450 2074 ubi
464 2013 592 2074 exanimi
603 2014 727 2092 positum
740 2013 875 2077 Pallantis
886 2017 1004 2075 Anoetes

277 2121 411 2180 Servabat
423 2118 524 2186 senior,
545 2118 595 2194 qui
609 2117 753 2176 Parrhasio
766 2118 899 2178 Evandro

275 2221 414 2298 Armiger
425 2229 492 2281 ante
505 2219 576 2290 fuit3
599 2219 649 2278 sed
661 2238 720 2278 non
731 2218 865 2278 felicibus
877 2239 958 2296 reque

276 2325 356 2382 Tum
368 2340 463 2381 comes
476 2321 608 2398 auspiciis
620 2340 687 2383 caro
699 2323 781 2399 datuq
796 2322 858 2380 ibat
870 2324 997 2382 alumno.

277 2425 397 2484 circum
421 2423 514 2484 omnis
539 2423 740 2500 famulumque
760 2443 871 2496 manue,
894 2424 1082 2504 Trojanaque

355 2526 448 2594 turba,

278 2629 317 2692 Et
329 2626 459 2690 maestitm
470 2625 574 2690 Iliades
587 2610 700 2686 crinem
710 2631 746 2689 de
759 2649 839 2690 more
852 2631 959 2690 solutae.

317 2731 362 2795 Ut
373 2747 440 2790 vero
453 2730 562 2791 AEneas
575 2729 685 2790 foribus
698 2730 756 2793 sese
768 2731 870 2794 intulit
885 2733 958 2803 altis,

277 2836 433 2912 ingentem
445 2830 587 2914 gemitum
600 2832 689 2892 tunfis
700 2834 737 2892 ad
750 2834 839 2893 fidem
853 2829 960 2898 tollunt

277 2936 450 3004 Pesioribun
471 2933 623 3010 mustoque
637 2934 765 3012 inmugit
777 2936 856 3013 regia
868 2937 958 2996 lustu.

277 3041 351 3116 Ipse,
371 3047 457 3116 caput
469 3037 546 3097 nivei
562 3037 670 3100 fultum
683 3040 825 3109 Pallantis,
846 3050 875 3100 et
887 3061 945 3112 orn,

277 3143 322 3208 Ut,
334 3142 416 3211 vidit,
437 3140 549 3216 levique
561 3149 662 3218 patens
674 3141 710 3202 in
718 3142 831 3218 penore
844 3143 945 3203 volnus

277 3241 411 3318 cuspidis
424 3242 570 3314 Ausoniae,
590 3243 716 3310 lucrinis
728 3245 771 3322 itu
783 3245 862 3307 fatus
873 3245 995 3307 obortis:
