2509 3875
250 334 279 373 v.
291 313 359 386 619.
547 315 647 374 ΜΒ.
687 317 781 374 Vll..
990 323 1044 376 123

251 470 337 528 Foeda
350 469 513 541 ministeria,
533 480 564 529 et
574 471 655 530 caecia
669 471 697 529 se
710 469 839 530 condidit
850 472 967 529 umbris.

251 573 329 628 Tum
341 572 441 649 regina
452 574 550 642 decim,
569 574 642 632 coeio
655 573 775 649 delapsa,
796 575 932 631 morantis

250 673 363 749 Inpulit
374 674 435 751 ipsa
447 693 536 732 manu
548 685 656 750 portas,
679 685 717 744 et,
738 675 852 734 cardine
864 676 951 745 verso,

251 777 325 834 Belli
339 779 456 835 ferratos
469 778 546 854 rupit
559 779 689 836 Saturnia
702 779 801 854 postes.

291 880 385 937 Ardet
396 879 524 938 inexcita
535 880 672 950 Ausonia,
693 890 779 956 atque
791 880 945 948 inmobilia,
964 891 1045 952 ante3

252 982 318 1039 Pars
328 982 415 1058 pedes
427 981 470 1038 ire
482 991 562 1057 parat
574 983 696 1058 campis3
715 1001 779 1058 pars
793 983 895 1040 arduus
909 983 972 1040 aitis

252 1083 468 1141 Pulverulentus
481 1084 562 1158 equis
574 1084 659 1140 furit:
670 1103 779 1142 ‘omnes
791 1103 869 1142 arma
887 1085 1045 1160 requirunt.

252 1185 318 1242 Pars
330 1184 402 1243 levis
412 1185 526 1260 clipeos,
546 1195 576 1242 et
588 1182 695 1261 spicula
707 1186 812 1254 lucida,
832 1195 948 1262 tergunt

253 1285 364 1344 Arvind
376 1286 488 1363 pingui,
509 1285 704 1363 subiguntque
717 1288 748 1343 in
760 1298 824 1346 cote
837 1287 939 1344 securis
944 1313 952 1358 3

248 1388 399 1464 Signaque
411 1390 486 1446 ferre
493 1387 585 1466 juvat,
605 1388 771 1464 sonitusque
788 1389 886 1446 audire
903 1393 1046 1448 tubarum.

254 1489 393 1565 Quinque
406 1491 476 1548 adeo
488 1509 610 1567 magna,
631 1490 727 1566 pofitis
740 1491 900 1560 incudibus,
921 1495 1003 1550 urbes

252 1593 324 1649 Tela
337 1602 457 1661 novant,
479 1593 569 1649 Atina
581 1601 691 1668 potens,
703 1593 853 1668 Tiburque
866 1593 1027 1669 superbum,

253 1679 359 1763 Ardea,
380 1694 621 1769 Crustumerique,
642 1703 671 1752 et
684 1695 832 1771 turrigera
845 1697 1008 1753 Antemnae.

252 1795 396 1871 Tegmina
408 1804 470 1852 tuta
480 1805 582 1852 cavant
591 1795 729 1873 capitum,
740 1796 916 1871 flectuntque
927 1797 1048 1873 salignas

253 1897 424 1955 Umbonum
436 1897 535 1967 cratis;
556 1897 607 1955 alii
620 1897 747 1955 thoracas
761 1899 854 1966 ainos,

253 2001 318 2057 Aut
330 2000 400 2057 levis
413 2018 507 2057 ocreas
519 2001 599 2057 lento
612 2002 722 2057 ducunt
733 2010 861 2075 argento.

252 2101 385 2159 Vomeris
397 2102 455 2159 huc
470 2112 500 2159 et
512 2101 594 2159 falcis
606 2102 705 2168 honos,
725 2095 781 2158 hu'c
795 2100 888 2159 omnis
900 2103 986 2161 aratri

253 2204 342 2261 eeffit
354 2224 445 2274 amon
466 2212 624 2278 recoquunt
635 2202 741 2280 patrios
753 2203 915 2261 fornacibus
928 2206 1008 2264 enfin.

254 2305 371 2363 Clatiica
380 2304 498 2381 jamque
510 2303 625 2373 sonant3
646 2304 672 2360 it
684 2304 759 2361 bello
776 2304 872 2362 teiiera
887 2307 1007 2383 fignum.

252 2407 312 2465 Hic
324 2407 436 2483 galeam
449 2406 531 2463 tediis
543 2405 668 2481 trepidus
682 2405 768 2482 rapit,
790 2406 841 2465 ille
853 2408 1002 2467 frementis

253 2510 302 2567 Ad
317 2508 388 2586 juga
406 2508 484 2585 cogit
499 2525 600 2583 equos;
621 2506 811 2583 clipeumque,
833 2528 957 2585 auroque
976 2512 1048 2570 trili=

64 2664 72 2690 t
169 2640 184 2642 ’“
274 2667 278 2673 ,
331 2630 396 2668 cem

254 2712 395 2778 Loricam,
414 2710 544 2794 induitur
550 2735 558 2781 3
580 2710 695 2785 fidoque
708 2710 872 2789 adcingitur
883 2714 959 2773 ense.

293 2814 411 2870 Pandite
423 2831 501 2869 nunc
513 2811 663 2882 Helicona,
673 2812 741 2882 deae,
755 2823 911 2888 cantusque
923 2825 1047 2887 monete,

253 2901 318 2973 uui
330 2914 406 2971 helio
418 2914 507 2971 exciti
519 2931 613 2989 reges3
636 2932 710 2987 quae‚
731 2932 873 2990 quemque
886 2914 998 2985 secutae,

253 3015 425 3092 Conplerint
437 3034 552 3091 campos
564 3013 652 3084 acies;
674 3015 777 3089 quibus
792 3015 863 3073 Itala
872 3014 933 3091 jam
947 3028 1009 3077 tum

253 3118 395 3175 Floruerit
408 3126 482 3174 terra
496 3116 572 3174 alma
584 3114 661 3183 viris,
682 3116 784 3191 quibus
797 3115 894 3173 arserit
907 3120 1005 3177 armis:

253 3222 292 3278 Et
305 3218 471 3302 meministin
483 3217 572 3285 enim,
591 3215 675 3287 divae,
695 3226 724 3273 et
736 3235 893 3300 memorare
906 3222 1020 3303 potestis
1026 3248 1036 3296 5
