<?xml version="1.0" encoding="UTF-8"?>
<!DOCTYPE html PUBLIC "-//W3C//DTD XHTML 1.0 Transitional//EN"
    "http://www.w3.org/TR/xhtml1/DTD/xhtml1-transitional.dtd">
<html xmlns="http://www.w3.org/1999/xhtml" xml:lang="en" lang="en">
 <head>
  <title>
</title>
<meta http-equiv="Content-Type" content="text/html;charset=utf-8" />
  <meta name='ocr-system' content='tesseract 3.04.00' />
  <meta name='ocr-capabilities' content='ocr_page ocr_carea ocr_par ocr_line ocrx_word'/>
</head>
<body>
  <div class='ocr_page' id='page_1' title='image "./pvirgiliimaroni01wakegoog/pvirgiliimaroni01wakegoog_0104.png"; bbox 0 0 2509 3875; ppageno 0'>
   <div class='ocr_carea' id='block_1_1' title="bbox 224 281 1145 383">
    <p class='ocr_par' dir='ltr' id='par_1_1' title="bbox 224 281 1145 383">
     <span class='ocr_line' id='line_1_1' title="bbox 224 281 1145 383; baseline 0.003 -14"><span class='ocrx_word' id='word_1_1' title='bbox 224 281 284 381; x_wconf 45' lang='lat'>92⁴</span> <span class='ocrx_word' id='word_1_2' title='bbox 503 312 779 382; x_wconf 73' lang='lat' dir='ltr'>mnnrnos,</span> <span class='ocrx_word' id='word_1_3' title='bbox 914 311 1020 383; x_wconf 58' lang='lat' dir='ltr'>cyro.</span> <span class='ocrx_word' id='word_1_4' title='bbox 1142 331 1145 338; x_wconf 70' lang='lat'><em>=</em></span> 
     </span>
    </p>
   </div>
   <div class='ocr_carea' id='block_1_2' title="bbox 127 465 1030 2283">
    <p class='ocr_par' dir='ltr' id='par_1_2' title="bbox 225 465 1021 949">
     <span class='ocr_line' id='line_1_2' title="bbox 266 465 1021 546; baseline 0 -24"><span class='ocrx_word' id='word_1_5' title='bbox 266 465 355 523; x_wconf 90' lang='lat' dir='ltr'>Nunc</span> <span class='ocrx_word' id='word_1_6' title='bbox 374 483 437 542; x_wconf 80' lang='lat' dir='ltr'>age,</span> <span class='ocrx_word' id='word_1_7' title='bbox 457 467 632 526; x_wconf 75' lang='lat' dir='ltr'>Dardaniam</span> <span class='ocrx_word' id='word_1_8' title='bbox 650 471 760 546; x_wconf 89' lang='lat' dir='ltr'>prolem</span> <span class='ocrx_word' id='word_1_9' title='bbox 777 487 842 545; x_wconf 82' lang='lat' dir='ltr'>quae</span> <span class='ocrx_word' id='word_1_10' title='bbox 859 465 962 526; x_wconf 86' lang='lat' dir='ltr'>deiude</span> <span class='ocrx_word' id='word_1_11' title='bbox 977 467 1021 526; x_wconf 59' lang='lat' dir='ltr'>se,</span> 
     </span>
     <span class='ocr_line' id='line_1_3' title="bbox 342 577 447 643; baseline 0.029 -20"><span class='ocrx_word' id='word_1_12' title='bbox 342 577 447 643; x_wconf 83' lang='lat' dir='ltr'>quatur</span> 
     </span>
     <span class='ocr_line' id='line_1_4' title="bbox 225 663 922 749; baseline 0.009 -25"><span class='ocrx_word' id='word_1_13' title='bbox 225 663 334 736; x_wconf 84' lang='lat' dir='ltr'>Gloria,</span> <span class='ocrx_word' id='word_1_14' title='bbox 354 670 405 744; x_wconf 89' lang='lat' dir='ltr'>qui</span> <span class='ocrx_word' id='word_1_15' title='bbox 416 683 552 729; x_wconf 89' lang='lat' dir='ltr'>maneant</span> <span class='ocrx_word' id='word_1_16' title='bbox 564 672 638 730; x_wconf 74' lang='lat' dir='ltr'>Itala</span> <span class='ocrx_word' id='word_1_17' title='bbox 650 673 686 730; x_wconf 84' lang='lat' dir='ltr'>de</span> <span class='ocrx_word' id='word_1_18' title='bbox 699 682 785 749; x_wconf 86' lang='lat' dir='ltr'>gente</span> <span class='ocrx_word' id='word_1_19' title='bbox 798 681 922 749; x_wconf 77' lang='lat' dir='ltr'>nepotes,</span> 
     </span>
     <span class='ocr_line' id='line_1_5' title="bbox 226 769 957 850; baseline 0.005 -22"><span class='ocrx_word' id='word_1_20' title='bbox 226 769 354 828; x_wconf 81' lang='lat' dir='ltr'>Inlustria</span> <span class='ocrx_word' id='word_1_21' title='bbox 365 772 483 841; x_wconf 82' lang='lat' dir='ltr'>animas,</span> <span class='ocrx_word' id='word_1_22' title='bbox 503 774 685 850; x_wconf 85' lang='lat' dir='ltr'>nostrumque</span> <span class='ocrx_word' id='word_1_23' title='bbox 698 774 729 832; x_wconf 89' lang='lat' dir='ltr'>in</span> <span class='ocrx_word' id='word_1_24' title='bbox 742 792 847 832; x_wconf 89' lang='lat' dir='ltr'>nomen</span> <span class='ocrx_word' id='word_1_25' title='bbox 860 773 957 844; x_wconf 87' lang='lat' dir='ltr'>ituras,</span> 
     </span>
     <span class='ocr_line' id='line_1_6' title="bbox 226 872 845 949; baseline 0.006 -19"><span class='ocrx_word' id='word_1_26' title='bbox 226 872 386 949; x_wconf 80' lang='lat' dir='ltr'>Expediam</span> <span class='ocrx_word' id='word_1_27' title='bbox 396 873 487 944; x_wconf 77' lang='lat' dir='ltr'>diuis,</span> <span class='ocrx_word' id='word_1_28' title='bbox 508 883 538 932; x_wconf 89' lang='lat' dir='ltr'>et</span> <span class='ocrx_word' id='word_1_29' title='bbox 551 884 581 932; x_wconf 89' lang='lat' dir='ltr'>te</span> <span class='ocrx_word' id='word_1_30' title='bbox 593 886 643 934; x_wconf 80' lang='lat' dir='ltr'>tua</span> <span class='ocrx_word' id='word_1_31' title='bbox 655 876 715 934; x_wconf 85' lang='lat' dir='ltr'>fata</span> <span class='ocrx_word' id='word_1_32' title='bbox 729 876 845 934; x_wconf 86' lang='lat' dir='ltr'><strong>docebo.</strong></span> 
     </span>
    </p>

    <p class='ocr_par' dir='ltr' id='par_1_3' title="bbox 223 974 1030 1772">
     <span class='ocr_line' id='line_1_7' title="bbox 264 974 1011 1054; baseline 0.005 -24"><span class='ocrx_word' id='word_1_33' title='bbox 264 974 318 1032; x_wconf 85' lang='lat' dir='ltr'>Ille</span> <span class='ocrx_word' id='word_1_34' title='bbox 332 975 432 1051; x_wconf 85' lang='lat' dir='ltr'>(vides,</span> <span class='ocrx_word' id='word_1_35' title='bbox 452 976 522 1052; x_wconf 75' lang='lat' dir='ltr'>purd</span> <span class='ocrx_word' id='word_1_36' title='bbox 530 975 646 1053; x_wconf 84' lang='lat' dir='ltr'>juvenis</span> <span class='ocrx_word' id='word_1_37' title='bbox 659 976 710 1054; x_wconf 91' lang='lat' dir='ltr'>qui</span> <span class='ocrx_word' id='word_1_38' title='bbox 723 975 824 1034; x_wconf 88' lang='lat' dir='ltr'>nititur</span> <span class='ocrx_word' id='word_1_39' title='bbox 836 975 924 1046; x_wconf 71' lang='lat' dir='ltr'>hasti,</span> <span class='ocrx_word' id='word_1_40' title='bbox 1009 1007 1011 1014; x_wconf 43' lang='lat' dir='ltr'>v</span> 
     </span>
     <span class='ocr_line' id='line_1_8' title="bbox 225 1076 1030 1170; baseline 0 -34"><span class='ocrx_word' id='word_1_41' title='bbox 225 1076 357 1136; x_wconf 86' lang='lat' dir='ltr'>Proxima</span> <span class='ocrx_word' id='word_1_42' title='bbox 370 1077 445 1134; x_wconf 86' lang='lat' dir='ltr'>sorte</span> <span class='ocrx_word' id='word_1_43' title='bbox 458 1089 536 1136; x_wconf 88' lang='lat' dir='ltr'>tenet</span> <span class='ocrx_word' id='word_1_44' title='bbox 547 1079 618 1137; x_wconf 83' lang='lat' dir='ltr'>lucis</span> <span class='ocrx_word' id='word_1_45' title='bbox 631 1079 706 1148; x_wconf 83' lang='lat' dir='ltr'>loca)</span> <span class='ocrx_word' id='word_1_46' title='bbox 720 1080 827 1155; x_wconf 89' lang='lat' dir='ltr'>primus</span> <span class='ocrx_word' id='word_1_47' title='bbox 840 1080 876 1136; x_wconf 89' lang='lat' dir='ltr'>ad</span> <span class='ocrx_word' id='word_1_48' title='bbox 889 1096 969 1136; x_wconf 83' lang='lat' dir='ltr'>aurea</span> <span class='ocrx_word' id='word_1_49' title='bbox 1026 1161 1030 1170; x_wconf 18' lang='grc' dir='ltr'>ὓ</span> 
     </span>
     <span class='ocr_line' id='line_1_9' title="bbox 225 1178 940 1258; baseline -0.001 -21"><span class='ocrx_word' id='word_1_50' title='bbox 225 1178 381 1249; x_wconf 84' lang='lat' dir='ltr'>AEtheriae,</span> <span class='ocrx_word' id='word_1_51' title='bbox 403 1180 476 1238; x_wconf 89' lang='lat' dir='ltr'>Italo</span> <span class='ocrx_word' id='word_1_52' title='bbox 489 1181 651 1239; x_wconf 82' lang='lat' dir='ltr'>conmirtns</span> <span class='ocrx_word' id='word_1_53' title='bbox 667 1181 815 1258; x_wconf 87' lang='lat' dir='ltr'>sanguine,</span> <span class='ocrx_word' id='word_1_54' title='bbox 834 1181 940 1257; x_wconf 85' lang='lat' dir='ltr'>surget,</span> 
     </span>
     <span class='ocr_line' id='line_1_10' title="bbox 224 1279 963 1361; baseline 0.004 -24"><span class='ocrx_word' id='word_1_55' title='bbox 224 1279 339 1351; x_wconf 83' lang='lat' dir='ltr'>Silvius,</span> <span class='ocrx_word' id='word_1_56' title='bbox 359 1282 507 1340; x_wconf 85' lang='lat' dir='ltr'>Albanum</span> <span class='ocrx_word' id='word_1_57' title='bbox 520 1301 635 1353; x_wconf 87' lang='lat' dir='ltr'>nomen,</span> <span class='ocrx_word' id='word_1_58' title='bbox 655 1292 703 1344; x_wconf 84' lang='lat' dir='ltr'>tua</span> <span class='ocrx_word' id='word_1_59' title='bbox 717 1283 844 1361; x_wconf 90' lang='lat' dir='ltr'>postuma</span> <span class='ocrx_word' id='word_1_60' title='bbox 857 1283 963 1360; x_wconf 84' lang='lat' dir='ltr'>proles:</span> 
     </span>
     <span class='ocr_line' id='line_1_11' title="bbox 224 1380 911 1464; baseline 0.007 -25"><span class='ocrx_word' id='word_1_61' title='bbox 224 1380 324 1440; x_wconf 77' lang='lat' dir='ltr'>Quem</span> <span class='ocrx_word' id='word_1_62' title='bbox 336 1383 392 1442; x_wconf 89' lang='lat' dir='ltr'>tibi</span> <span class='ocrx_word' id='word_1_63' title='bbox 402 1385 534 1463; x_wconf 78' lang='lat' dir='ltr'>longaevo</span> <span class='ocrx_word' id='word_1_64' title='bbox 545 1386 640 1444; x_wconf 88' lang='lat' dir='ltr'>serum</span> <span class='ocrx_word' id='word_1_65' title='bbox 654 1387 773 1446; x_wconf 87' lang='lat' dir='ltr'>Lavinia</span> <span class='ocrx_word' id='word_1_66' title='bbox 785 1386 911 1464; x_wconf 86' lang='lat' dir='ltr'>conjunx</span> 
     </span>
     <span class='ocr_line' id='line_1_12' title="bbox 223 1483 1009 1566; baseline 0.01 -26"><span class='ocrx_word' id='word_1_67' title='bbox 223 1483 334 1541; x_wconf 89' lang='lat' dir='ltr'>Educet</span> <span class='ocrx_word' id='word_1_68' title='bbox 347 1484 421 1543; x_wconf 81' lang='lat' dir='ltr'>filvia</span> <span class='ocrx_word' id='word_1_69' title='bbox 433 1505 541 1564; x_wconf 85' lang='lat' dir='ltr'>regem,</span> <span class='ocrx_word' id='word_1_70' title='bbox 558 1507 719 1565; x_wconf 83' lang='lat' dir='ltr'>regumque</span> <span class='ocrx_word' id='word_1_71' title='bbox 730 1498 891 1566; x_wconf 89' lang='lat' dir='ltr'>parentem:</span> <span class='ocrx_word' id='word_1_72' title='bbox 1006 1513 1009 1520; x_wconf 88' lang='lat'>·</span> 
     </span>
     <span class='ocr_line' id='line_1_13' title="bbox 223 1585 972 1666; baseline 0.012 -24"><span class='ocrx_word' id='word_1_73' title='bbox 223 1585 310 1643; x_wconf 85' lang='lat' dir='ltr'><strong>Unde</strong></span> <span class='ocrx_word' id='word_1_74' title='bbox 323 1605 413 1662; x_wconf 82' lang='lat' dir='ltr'>genua</span> <span class='ocrx_word' id='word_1_75' title='bbox 426 1589 526 1666; x_wconf 74' lang='lat' dir='ltr'>Longi</span> <span class='ocrx_word' id='word_1_76' title='bbox 539 1592 666 1649; x_wconf 79' lang='lat' dir='ltr'>nothum</span> <span class='ocrx_word' id='word_1_77' title='bbox 678 1591 874 1650; x_wconf 81' lang='lat' dir='ltr'>dominabitur</span> <span class='ocrx_word' id='word_1_78' title='bbox 886 1591 972 1651; x_wconf 80' lang='lat' dir='ltr'>Alba.</span> 
     </span>
     <span class='ocr_line' id='line_1_14' title="bbox 223 1687 924 1772; baseline 0.01 -27"><span class='ocrx_word' id='word_1_79' title='bbox 223 1687 371 1747; x_wconf 80' lang='lat' dir='ltr'>Proximus</span> <span class='ocrx_word' id='word_1_80' title='bbox 381 1688 432 1747; x_wconf 91' lang='lat' dir='ltr'>ille</span> <span class='ocrx_word' id='word_1_81' title='bbox 446 1692 554 1762; x_wconf 82' lang='lat' dir='ltr'>Procas,</span> <span class='ocrx_word' id='word_1_82' title='bbox 573 1691 706 1769; x_wconf 83' lang='lat' dir='ltr'>Trojanae</span> <span class='ocrx_word' id='word_1_83' title='bbox 717 1694 809 1771; x_wconf 87' lang='lat' dir='ltr'>gloria</span> <span class='ocrx_word' id='word_1_84' title='bbox 822 1695 924 1772; x_wconf 85' lang='lat' dir='ltr'>gentis,</span> 
     </span>
    </p>

    <p class='ocr_par' dir='ltr' id='par_1_4' title="bbox 171 1789 1017 1873">
     <span class='ocr_line' id='line_1_15' title="bbox 171 1789 1017 1873; baseline 0.009 -27"><span class='ocrx_word' id='word_1_85' title='bbox 171 1847 176 1858; x_wconf 72' lang='grc'>,</span> <span class='ocrx_word' id='word_1_86' title='bbox 221 1789 260 1847; x_wconf 87' lang='lat' dir='ltr'>Et</span> <span class='ocrx_word' id='word_1_87' title='bbox 273 1790 377 1868; x_wconf 83' lang='lat' dir='ltr'>Capys,</span> <span class='ocrx_word' id='word_1_88' title='bbox 396 1801 426 1849; x_wconf 89' lang='lat' dir='ltr'>et</span> <span class='ocrx_word' id='word_1_89' title='bbox 438 1793 585 1865; x_wconf 84' lang='lat' dir='ltr'>Numitor,</span> <span class='ocrx_word' id='word_1_90' title='bbox 605 1805 645 1864; x_wconf 89' lang='lat' dir='ltr'>et,</span> <span class='ocrx_word' id='word_1_91' title='bbox 665 1795 715 1873; x_wconf 88' lang='lat' dir='ltr'>qui</span> <span class='ocrx_word' id='word_1_92' title='bbox 733 1807 762 1854; x_wconf 90' lang='lat' dir='ltr'>te</span> <span class='ocrx_word' id='word_1_93' title='bbox 776 1797 894 1856; x_wconf 91' lang='lat' dir='ltr'>nomine</span> <span class='ocrx_word' id='word_1_94' title='bbox 908 1799 1017 1866; x_wconf 88' lang='lat' dir='ltr'>reddet,</span> 
     </span>
    </p>

    <p class='ocr_par' dir='ltr' id='par_1_5' title="bbox 222 1892 888 1975">
     <span class='ocr_line' id='line_1_16' title="bbox 222 1892 888 1975; baseline 0.012 -25"><span class='ocrx_word' id='word_1_95' title='bbox 222 1892 327 1951; x_wconf 84' lang='lat' dir='ltr'>Silvius</span> <span class='ocrx_word' id='word_1_96' title='bbox 339 1893 462 1966; x_wconf 79' lang='lat' dir='ltr'>AEneas3</span> <span class='ocrx_word' id='word_1_97' title='bbox 483 1898 587 1974; x_wconf 87' lang='lat' dir='ltr'>pariter</span> <span class='ocrx_word' id='word_1_98' title='bbox 598 1897 717 1975; x_wconf 88' lang='lat' dir='ltr'>pietate,</span> <span class='ocrx_word' id='word_1_99' title='bbox 736 1900 781 1959; x_wconf 87' lang='lat' dir='ltr'>vel</span> <span class='ocrx_word' id='word_1_100' title='bbox 794 1899 888 1970; x_wconf 91' lang='lat' dir='ltr'>armis,</span> 
     </span>
    </p>

    <p class='ocr_par' dir='ltr' id='par_1_6' title="bbox 127 1994 1015 2078">
     <span class='ocr_line' id='line_1_17' title="bbox 127 1994 1015 2078; baseline 0.006 -21"><span class='ocrx_word' id='word_1_101' title='bbox 127 2045 131 2057; x_wconf 82' lang='grc'><em>.</em></span> <span class='ocrx_word' id='word_1_102' title='bbox 220 1994 370 2073; x_wconf 75' lang='lat' dir='ltr'>Egregius,</span> <span class='ocrx_word' id='word_1_103' title='bbox 385 1998 405 2055; x_wconf 89' lang='lat' dir='ltr'>fi</span> <span class='ocrx_word' id='word_1_104' title='bbox 416 2018 553 2075; x_wconf 89' lang='lat' dir='ltr'>umquam</span> <span class='ocrx_word' id='word_1_105' title='bbox 562 2002 738 2077; x_wconf 82' lang='lat' dir='ltr'>regnandam</span> <span class='ocrx_word' id='word_1_106' title='bbox 747 2002 891 2078; x_wconf 85' lang='lat' dir='ltr'>adceperit</span> <span class='ocrx_word' id='word_1_107' title='bbox 898 2002 1015 2065; x_wconf 79' lang='lat' dir='ltr'>Albam.</span> 
     </span>
    </p>

    <p class='ocr_par' dir='ltr' id='par_1_7' title="bbox 202 2087 982 2283">
     <span class='ocr_line' id='line_1_18' title="bbox 202 2087 982 2179; baseline 0.004 -23"><span class='ocrx_word' id='word_1_108' title='bbox 202 2087 286 2169; x_wconf 47' lang='lat' dir='ltr'>‚oui</span> <span class='ocrx_word' id='word_1_109' title='bbox 294 2098 427 2176; x_wconf 84' lang='lat' dir='ltr'>juvenes!</span> <span class='ocrx_word' id='word_1_110' title='bbox 449 2110 569 2177; x_wconf 85' lang='lat' dir='ltr'>quantas</span> <span class='ocrx_word' id='word_1_111' title='bbox 581 2102 731 2171; x_wconf 87' lang='lat' dir='ltr'>ostentant,</span> <span class='ocrx_word' id='word_1_112' title='bbox 751 2102 873 2179; x_wconf 83' lang='lat' dir='ltr'>adspice,</span> <span class='ocrx_word' id='word_1_113' title='bbox 892 2102 982 2161; x_wconf 76' lang='lat' dir='ltr'>vires!</span> 
     </span>
     <span class='ocr_line' id='line_1_19' title="bbox 219 2201 943 2283; baseline 0.01 -26"><span class='ocrx_word' id='word_1_114' title='bbox 219 2201 320 2277; x_wconf 84' lang='lat' dir='ltr'>Atque</span> <span class='ocrx_word' id='word_1_115' title='bbox 333 2203 463 2259; x_wconf 85' lang='lat' dir='ltr'>umbrata</span> <span class='ocrx_word' id='word_1_116' title='bbox 476 2214 579 2278; x_wconf 84' lang='lat' dir='ltr'>gerunt</span> <span class='ocrx_word' id='word_1_117' title='bbox 591 2204 671 2263; x_wconf 85' lang='lat' dir='ltr'>cirili</span> <span class='ocrx_word' id='word_1_118' title='bbox 684 2214 812 2282; x_wconf 89' lang='lat' dir='ltr'>tempora</span> <span class='ocrx_word' id='word_1_119' title='bbox 825 2225 943 2283; x_wconf 91' lang='lat' dir='ltr'>quercu.</span> 
     </span>
    </p>
   </div>
   <div class='ocr_carea' id='block_1_3' title="bbox 105 2301 1014 2383">
    <p class='ocr_par' dir='ltr' id='par_1_8' title="bbox 105 2301 1014 2383">
     <span class='ocr_line' id='line_1_20' title="bbox 105 2301 1014 2383; baseline 0.011 -26"><span class='ocrx_word' id='word_1_120' title='bbox 105 2375 108 2379; x_wconf 15' lang='lat' dir='ltr'><em>A</em></span> <span class='ocrx_word' id='word_1_121' title='bbox 219 2301 263 2359; x_wconf 87' lang='lat' dir='ltr'>Hi</span> <span class='ocrx_word' id='word_1_122' title='bbox 284 2301 339 2359; x_wconf 88' lang='lat' dir='ltr'>tibi</span> <span class='ocrx_word' id='word_1_123' title='bbox 358 2304 547 2374; x_wconf 82' lang='lat' dir='ltr'>Nomentum,</span> <span class='ocrx_word' id='word_1_124' title='bbox 567 2314 597 2363; x_wconf 90' lang='lat' dir='ltr'>et</span> <span class='ocrx_word' id='word_1_125' title='bbox 614 2305 730 2377; x_wconf 83' lang='lat' dir='ltr'>Gabios,</span> <span class='ocrx_word' id='word_1_126' title='bbox 753 2307 1014 2383; x_wconf 83' lang='lat' dir='ltr'>urbemque·Fide·</span> 
     </span>
    </p>
   </div>
   <div class='ocr_carea' id='block_1_4' title="bbox 219 2421 1013 2693">
    <p class='ocr_par' dir='ltr' id='par_1_9' title="bbox 219 2421 1013 2693">
     <span class='ocr_line' id='line_1_21' title="bbox 298 2421 374 2472; baseline 0.013 -12"><span class='ocrx_word' id='word_1_127' title='bbox 298 2421 374 2472; x_wconf 89' lang='lat' dir='ltr'>nam,</span> 
     </span>
     <span class='ocr_line' id='line_1_22' title="bbox 219 2504 839 2583; baseline 0.008 -19"><span class='ocrx_word' id='word_1_128' title='bbox 219 2504 262 2564; x_wconf 90' lang='lat' dir='ltr'>Hi</span> <span class='ocrx_word' id='word_1_129' title='bbox 274 2505 431 2564; x_wconf 77' lang='lat' dir='ltr'>Collatinas</span> <span class='ocrx_word' id='word_1_130' title='bbox 443 2506 583 2583; x_wconf 83' lang='lat' dir='ltr'>inponent</span> <span class='ocrx_word' id='word_1_131' title='bbox 595 2509 740 2567; x_wconf 88' lang='lat' dir='ltr'>montibus</span> <span class='ocrx_word' id='word_1_132' title='bbox 753 2529 839 2579; x_wconf 89' lang='lat' dir='ltr'>arces,</span> 
     </span>
     <span class='ocr_line' id='line_1_23' title="bbox 219 2606 1013 2693; baseline 0.013 -28"><span class='ocrx_word' id='word_1_133' title='bbox 219 2606 370 2677; x_wconf 81' lang='lat' dir='ltr'>Pometios,</span> <span class='ocrx_word' id='word_1_134' title='bbox 380 2606 567 2686; x_wconf 87' lang='lat' dir='ltr'>Castrumque</span> <span class='ocrx_word' id='word_1_135' title='bbox 577 2611 654 2679; x_wconf 86' lang='lat' dir='ltr'>Inui,</span> <span class='ocrx_word' id='word_1_136' title='bbox 665 2612 828 2689; x_wconf 88' lang='lat' dir='ltr'>Bolamque,</span> <span class='ocrx_word' id='word_1_137' title='bbox 842 2615 1013 2693; x_wconf 84' lang='lat' dir='ltr'>Coramque.</span> 
     </span>
    </p>
   </div>
   <div class='ocr_carea' id='block_1_5' title="bbox 219 2684 1188 2783">
    <p class='ocr_par' dir='ltr' id='par_1_10' title="bbox 219 2684 1188 2783">
     <span class='ocr_line' id='line_1_24' title="bbox 219 2684 1188 2783; baseline 0.011 -14"><span class='ocrx_word' id='word_1_138' title='bbox 219 2711 292 2769; x_wconf 75' lang='lat' dir='ltr'>Haec</span> <span class='ocrx_word' id='word_1_139' title='bbox 311 2721 375 2768; x_wconf 88' lang='lat' dir='ltr'>tum</span> <span class='ocrx_word' id='word_1_140' title='bbox 394 2711 512 2769; x_wconf 88' lang='lat' dir='ltr'>nomina</span> <span class='ocrx_word' id='word_1_141' title='bbox 531 2722 624 2783; x_wconf 89' lang='lat' dir='ltr'>erunt,</span> <span class='ocrx_word' id='word_1_142' title='bbox 644 2732 721 2772; x_wconf 87' lang='lat' dir='ltr'>nunc</span> <span class='ocrx_word' id='word_1_143' title='bbox 738 2715 804 2773; x_wconf 90' lang='lat' dir='ltr'>sunt</span> <span class='ocrx_word' id='word_1_144' title='bbox 822 2716 880 2775; x_wconf 77' lang='lat' dir='ltr'>tine</span> <span class='ocrx_word' id='word_1_145' title='bbox 897 2719 1014 2777; x_wconf 86' lang='lat' dir='ltr'>nomine</span> <span class='ocrx_word' id='word_1_146' title='bbox 1053 2729 1055 2734; x_wconf 82' lang='lat'>&#39;</span> <span class='ocrx_word' id='word_1_147' title='bbox 1165 2684 1188 2743; x_wconf 32' lang='grc' dir='ltr'>’π’</span> 
     </span>
    </p>
   </div>
   <div class='ocr_carea' id='block_1_6' title="bbox 218 2822 995 3306">
    <p class='ocr_par' dir='ltr' id='par_1_11' title="bbox 218 2822 995 3306">
     <span class='ocr_line' id='line_1_25' title="bbox 296 2822 401 2873; baseline 0.01 -3"><span class='ocrx_word' id='word_1_148' title='bbox 296 2822 401 2873; x_wconf 76' lang='lat' dir='ltr'>terrae..</span> 
     </span>
     <span class='ocr_line' id='line_1_26' title="bbox 220 2915 899 2979; baseline 0.01 -7"><span class='ocrx_word' id='word_1_149' title='bbox 220 2915 303 2973; x_wconf 79' lang='lat' dir='ltr'>Quin</span> <span class='ocrx_word' id='word_1_150' title='bbox 315 2925 345 2973; x_wconf 89' lang='lat' dir='ltr'>et</span> <span class='ocrx_word' id='word_1_151' title='bbox 357 2934 409 2974; x_wconf 88' lang='lat' dir='ltr'>avo</span> <span class='ocrx_word' id='word_1_152' title='bbox 422 2916 557 2975; x_wconf 88' lang='lat' dir='ltr'>comitem</span> <span class='ocrx_word' id='word_1_153' title='bbox 570 2916 628 2975; x_wconf 88' lang='lat' dir='ltr'>sese</span> <span class='ocrx_word' id='word_1_154' title='bbox 641 2919 800 2977; x_wconf 87' lang='lat' dir='ltr'>Mavortius</span> <span class='ocrx_word' id='word_1_155' title='bbox 813 2921 899 2979; x_wconf 88' lang='lat' dir='ltr'>addet</span> 
     </span>
     <span class='ocr_line' id='line_1_27' title="bbox 219 2998 947 3098; baseline 0.01 -22"><span class='ocrx_word' id='word_1_156' title='bbox 219 2998 371 3087; x_wconf 64' lang='lat' dir='ltr'>Romulum</span> <span class='ocrx_word' id='word_1_157' title='bbox 394 3018 517 3076; x_wconf 82' lang='lat' dir='ltr'>Affaraci</span> <span class='ocrx_word' id='word_1_158' title='bbox 532 3038 619 3094; x_wconf 90' lang='lat' dir='ltr'>quem</span> <span class='ocrx_word' id='word_1_159' title='bbox 632 3021 777 3098; x_wconf 85' lang='lat' dir='ltr'>sanguinis</span> <span class='ocrx_word' id='word_1_160' title='bbox 789 3022 843 3082; x_wconf 88' lang='lat' dir='ltr'>Ilia</span> <span class='ocrx_word' id='word_1_161' title='bbox 855 3033 947 3083; x_wconf 85' lang='lat' dir='ltr'>mater</span> 
     </span>
     <span class='ocr_line' id='line_1_28' title="bbox 218 3119 995 3199; baseline 0.013 -22"><span class='ocrx_word' id='word_1_162' title='bbox 218 3119 336 3177; x_wconf 79' lang='lat' dir='ltr'>Educet.</span> <span class='ocrx_word' id='word_1_163' title='bbox 376 3119 488 3191; x_wconf 88' lang='lat' dir='ltr'>Viden‘,</span> <span class='ocrx_word' id='word_1_164' title='bbox 509 3129 542 3178; x_wconf 92' lang='lat' dir='ltr'>ut</span> <span class='ocrx_word' id='word_1_165' title='bbox 555 3121 679 3197; x_wconf 82' lang='lat' dir='ltr'>geminae</span> <span class='ocrx_word' id='word_1_166' title='bbox 691 3124 764 3183; x_wconf 83' lang='lat' dir='ltr'>stant</span> <span class='ocrx_word' id='word_1_167' title='bbox 778 3126 883 3185; x_wconf 89' lang='lat' dir='ltr'>vertice</span> <span class='ocrx_word' id='word_1_168' title='bbox 895 3127 995 3199; x_wconf 65' lang='lat' dir='ltr'>cristae,</span> 
     </span>
     <span class='ocr_line' id='line_1_29' title="bbox 218 3221 943 3306; baseline 0.011 -25"><span class='ocrx_word' id='word_1_169' title='bbox 218 3222 257 3281; x_wconf 86' lang='lat' dir='ltr'>Et</span> <span class='ocrx_word' id='word_1_170' title='bbox 268 3229 349 3300; x_wconf 88' lang='lat' dir='ltr'>pater</span> <span class='ocrx_word' id='word_1_171' title='bbox 360 3221 420 3301; x_wconf 91' lang='lat' dir='ltr'>ipse</span> <span class='ocrx_word' id='word_1_172' title='bbox 431 3222 482 3283; x_wconf 89' lang='lat' dir='ltr'>suo</span> <span class='ocrx_word' id='word_1_173' title='bbox 494 3223 635 3303; x_wconf 81' lang='lat' dir='ltr'>Superum</span> <span class='ocrx_word' id='word_1_174' title='bbox 641 3222 808 3306; x_wconf 33' lang='lat' dir='ltr'>jamafignat</span> <span class='ocrx_word' id='word_1_175' title='bbox 819 3228 943 3289; x_wconf 80' lang='lat' dir='ltr'>honore?</span> 
     </span>
    </p>
   </div>
   <div class='ocr_carea' id='block_1_7' title="bbox 0 0 1260 3875">
    <p class='ocr_par' dir='ltr' id='par_1_12' title="bbox 0 0 1260 3875">
     <span class='ocr_line' id='line_1_30' title="bbox 0 0 1260 3875; baseline 0 3"><span class='ocrx_word' id='word_1_176' title='bbox 0 0 1260 3875; x_wconf 95' lang='lat' dir='ltr'> </span> 
     </span>
    </p>
   </div>
  </div>
 </body>
</html>
