2509 3875
194 305 219 343 v.
231 286 299 345 886.
492 293 591 352 ΗΒ.
628 292 681 352 VI.
947 299 987 363 97

192 442 327 501 Munere.
366 444 413 502 Sic
426 446 487 503 tora
499 449 598 524 paffim
610 448 728 525 regione
740 454 879 524 vagantur

192 545 275 602 Acris
287 546 319 602 in
333 547 440 623 campis
452 547 526 616 latia,
546 560 632 626 atque
645 549 741 608 omnia
754 549 881 607 lustrant.

192 625 273 703 Quae·
280 649 430 723 postquam
439 650 578 708 Anchises
591 661 692 708 natum
706 669 756 727 per
769 651 879 726 fingula
891 649 984 723 duxit,
1068 647 1073 678 ¹

190 747 381 824 Incenditquc
394 751 522 823 animum
536 753 620 809 samae
633 752 773 809 venientis
786 771 898 822 amore3

190 849 267 906 Exin
280 850 356 908 bella
369 852 429 909 viro
441 862 580 910 memorat
593 872 658 927 quae
671 853 773 910 deinde
786 853 919 928 gerenda,

191 951 398 1026 Laurentisque
411 954 495 1010 docet
506 955 634 1030 populos,
654 956 810 1029 urbemque
824 954 918 1011 Latini
924 978 934 1026 3

191 1053 229 1109 Et
240 1072 298 1128 quo
311 1073 454 1129 quemque
467 1057 554 1112 modo
567 1055 727 1132 fugiatque,
747 1056 886 1131 feratque,
905 1055 984 1114 labo·

308 1173 379 1213 rem.

230 1257 303 1314 Sunt
311 1257 435 1332 geminae
446 1258 542 1315 Somni
552 1266 655 1334 portae:
672 1275 792 1334 quarum
801 1259 887 1316 altera
895 1259 985 1317 sertur

191 1359 303 1416 Cornea
309 1384 318 1429 3
340 1359 396 1434 qui
409 1359 482 1416 veria
495 1359 588 1416 facilis
600 1361 683 1416 datur
695 1360 789 1417 exitus
802 1361 933 1418 Umbria:

191 1461 293 1518 Altera
305 1461 439 1518 candenti
452 1461 575 1538 perfeua
588 1463 682 1518 nitens
694 1461 859 1537 elephant03

191 1563 246 1620 Sed
260 1562 330 1620 falsa
343 1564 379 1620 ad
392 1563 497 1619 coelum
510 1563 631 1620 mittunt
643 1562 782 1621 insomnia
794 1564 906 1622 Manes.

192 1663 248 1721 His
259 1663 310 1721 ubi
324 1672 386 1720 turn
398 1673 499 1720 natum
513 1663 662 1732 Anchises,
681 1664 795 1740 unique
808 1665 953 1740 Sibyllam,

192 1765 372 1841 Prosequitur
384 1765 476 1832 diffie,
495 1766 633 1841 portaque
646 1765 754 1822 emittit
766 1768 886 1824 eburna:

192 1867 246 1923 Ille
258 1865 340 1948 viam¹
349 1865 424 1923 secat
436 1866 473 1922 ad
485 1865 573 1934 navis,
594 1867 738 1941 sociosque
750 1867 855 1938 revifit;

191 1970 271 2027 Tum
284 1969 312 2026 se
325 1970 361 2026 ad
373 1968 481 2027 Caietae
494 1969 569 2025 resto
582 1969 639 2025 sert
650 1956 879 2045 limite'portum.

192 2072 307 2130 Ancora
319 2072 356 2129 de
368 2070 450 2146 prora
458 2068 575 2145 jacitur:
597 2070 670 2126 stant
681 2068 764 2126 litore
777 2086 893 2145 puppes.
