2509 3875
960 144 1169 156 ··———

119 338 135 448 p
230 340 341 405 r.249.
541 332 639 393 LIB.
678 336 732 393 lv.
999 340 1064 391 11-

114 477 115 480 *
225 486 396 547 Pinifemm
410 497 499 565 caput
511 496 541 547 et
553 498 640 547 vento
651 489 788 567 pulsatur,
806 495 836 547 et
848 486 952 547 imbri:

119 600 127 622 ²
224 588 297 646 Nix
312 590 556 648 humeros-infusa
569 590 643 666 tegit
647 620 657 666 3
679 601 742 649 tum
754 591 877 649 flumina
889 598 989 648 mento

224 676 421 770 Praecipitant
433 692 519 758 senis,
537 702 568 749 et
581 692 673 769 glacie
685 692 760 769 riget
771 690 888 750 horrida
900 693 997 751 barba.

223 792 296 849 Hic
308 794 438 869 primum
451 793 566 869 paribus
579 794 674 853 nitens
686 794 836 870 Cyllenius
849 794 901 851 alia

225 894 388 952 Constitit:
411 895 480 952 hinc
492 904 554 951 toto
566 914 691 972 praeceps
703 895 733 953 se
744 914 863 971 corpore
875 894 1013 953 adnudat

225 996 337 1067 Mifit;
358 997 406 1054 avi
420 996 527 1063 similis,
547 1016 611 1072 quae
623 998 732 1055 circum
744 996 837 1067 litora,
856 996 967 1055 circum

228 1100 362 1157 Piscosos
375 1100 513 1177 scopuloS,
532 1099 650 1157 humilis
663 1100 740 1157 volat
751 1119 864 1175 aequora
873 1097 966 1175 juxta.

229 1202 326 1259 Haud
339 1201 433 1271 aliter,
454 1210 542 1258 terras
554 1200 630 1258 inter
642 1202 813 1277 uelumque,
832 1202 948 1277 legebat

230 1303 321 1360 Litus
334 1302 483 1359 arenosum
497 1300 604 1379 Libyae,
623 1312 778 1379 ventosque
789 1304 909 1371 sember,

235 1404 375 1465 Materno
387 1404 505 1461 veniens
518 1406 555 1461 ab
566 1422 627 1473 aro,
647 1405 779 1481 Cyllenia
792 1406 895 1482 proles.

280 1508 323 1563 Ut
336 1507 462 1582 primum
476 1506 558 1563 alatis
571 1506 669 1583 tetigit
681 1507 805 1585 magalia
817 1506 933 1583 plantis,

240 1609 367 1675 AEnean‚
387 1608 556 1665 fundantem
570 1626 657 1675 arces,
676 1627 709 1665 ac
722 1609 794 1665 tetta
806 1617 970 1678 novantem,

239 1709 400 1785 Conspicit:
424 1718 511 1784 atque
529 1708 582 1776 illi,
601 1709 726 1767 stellatus
738 1709 845 1787 iaspide
858 1710 946 1779 sulvl,

239 1813 321 1869 Ensis
334 1822 404 1881 erat,
424 1812 569 1887 Tyrioque
582 1812 699 1869 ardebat
712 1812 822 1870 musice
832 1812 916 1882 laena,

240 1914 367 1972 Demilsa
380 1932 418 1972 ex
430 1913 555 1971 humeris
562 1939 570 1983 5
591 1912 746 1991 divesque
759 1932 878 1973 munera
890 1914 967 1974 Dido

240 2011 366 2086 Fenerat,
386 2025 417 2074 et
430 2016 511 2074 tenui
525 2017 593 2074 telas
605 2017 773 2074 discreverat
784 2036 861 2074 auro.
963 2055 967 2067 .

244 2120 388 2178 Continuo
402 2119 528 2177 invadit:
549 2119 597 2176 'Iu
610 2139 687 2177 nunc
698 2119 882 2196 Carthaginis
894 2119 960 2180 altae

243 2221 439 2280 Fundamenta
452 2221 535 2288 locas,
553 2221 760 2298 pulchramque
769 2222 885 2280 uxorius
897 2226 1003 2284 urbem

242 2323 385 2380 Exstruis?
408 2321 479 2378 heu!
501 2322 592 2398 regni,
612 2341 763 2398 rerumque
775 2323 862 2382 oblite
875 2327 1003 2384 tuarum!

242 2423 306 2499 Ipse
320 2425 408 2481 deum
420 2423 475 2481 tibi
488 2442 535 2479 rne
548 2423 623 2480 claro
634 2424 763 2482 demittit
775 2425 902 2504 Olympo

243 2526 389 2601 Regnator
394 2550 402 2596 3
424 2522 538 2592 coelum,
559 2535 587 2581 et
601 2521 697 2593 terras,
710 2526 761 2601 qui
774 2527 894 2587 numine
907 2537 1032 2606 torquet:

242 2627 306 2702 lpse
319 2627 381 2682 haec
394 2626 468 2682 ferre
477 2623 560 2700 jubet
571 2625 670 2683 celeris
682 2629 814 2687 mandata
827 2650 878 2706 per
890 2651 989 2689 auras:

245 2727 327 2785 Quid
340 2723 446 2783 struis?
460 2737 510 2783 aut
522 2727 579 2801 qua
593 2727 641 2804 spe
655 2728 770 2805 Libyeis
783 2732 850 2788 teria
863 2732 921 2790 otia
934 2732 1037 2789 terris?

245 2828 274 2885 Si
288 2837 317 2885 te
330 2827 409 2885 nulla
422 2837 517 2884 movet
529 2837 672 2886 tantarum
685 2831 774 2906 gloria
787 2851 892 2900 rernm,

240 2930 309 2987 -Nec
322 2930 405 3004 super
416 2929 476 3004 ipse
489 2930 539 2986 tud
552 2929 661 2987 moliris
673 2931 758 2988 laude
769 2932 914 3003 laborem

244 3030 403 3090 Ascanium
416 3029 587 3106 surgentem,
608 3041 638 3087 et
651 3032 713 3106 spes
725 3030 837 3088 heredis
848 3033 914 3102 Iuli,

245 3132 377 3208 Respice3
399 3134 445 3190 cui
458 3151 579 3208 regnum
593 3134 684 3191 Italiae
697 3135 882 3210 Romanaque
894 3136 979 3194 tellus

245 3235 405 3291 Debentur.
444 3233 510 3291 Tali
522 3233 670 3308 Cyllenius
683 3250 732 3288 ore
743 3231 853 3293 locutus
1018 3225 1020 3229 ¹
