2509 3875
222 320 281 375 220
483 314 761 385 AENEIDOS,
915 319 1027 387 r.701.

221 470 322 533 Donat
333 468 438 529 habere
451 470 587 542 humeris,
606 482 638 531 et
650 474 756 532 vertice
768 471 857 547 figere
869 468 973 527 cristan.

220 572 352 631 Necnon
361 572 523 633 Euantbem
533 575 699 653 Phrygium,
709 572 1027 649 ParidisqueMimanta

220 674 387 751 AEqualem,
405 676 612 753 comitemque:
635 676 694 735 uui
705 694 793 753 quem
805 675 889 733 nocie
901 674 1027 733 Theano

221 778 254 839 In
267 778 364 837 lucem
376 779 502 857 genitori
515 781 631 857 Amyco
643 778 733 849 dedit,
753 787 784 836 et
796 778 860 835 face
872 795 1027 853 pregnans

220 880 321 941 eineis
333 882 432 961 regina
447 882 543 943 Parin:
566 882 643 941 Paris
655 884 726 941 urbe
739 880 857 958 paterni

219 982 365 1055 Occubat3
386 984 522 1061 ignarum
535 986 663 1043 Laurens
675 984 762 1042 habet
775 1002 823 1041 ora
837 981 995 1042 Mimanta.

258 1088 304 1145 Ac
317 1088 398 1145 velut
410 1088 460 1145 ille
472 1104 577 1147 canum
592 1086 686 1145 morsu
699 1085 895 1145 dementibus
908 1084 973 1143 altis

218 1190 310 1249 Aiius
323 1208 399 1266 aper,
420 1190 525 1249 multos
536 1190 660 1249 Vesulus
672 1208 760 1266 quem
771 1189 880 1265 pinifer
892 1207 983 1247 anuos

217 1294 368 1362 Defendit,
389 1294 532 1353 multosve
544 1294 626 1371 palus
641 1293 805 1362 Laurentia,
826 1292 894 1350 iilva
1006 1335 1008 1340 ,

218 1394 314 1457 Pastur
324 1395 490 1465 arundinei,
510 1396 661 1473 postquam
669 1396 746 1455 inter
757 1394 830 1453 retia
840 1403 960 1453 ventum
970 1396 1023 1467 est,

219 1497 358 1569 Substitit,
378 1498 587 1577 infremuitque
600 1500 692 1569 ferox,
712 1508 743 1556 et
755 1497 900 1557 inhorruit
912 1516 1023 1571 armos,

218 1602 284 1663 Nec
299 1602 435 1678 cuiquam
448 1601 542 1671 irasci,
561 1600 714 1679 propiusve
726 1602 873 1669 adcedere,
892 1600 1000 1671 virtus,

218 1704 273 1763 Sed
283 1702 394 1781 jaculis,
415 1704 543 1782 tutisque
555 1705 656 1783 procul
667 1704 849 1772 clamoribus,
867 1702 988 1763 instant:

218 1808 272 1865 Ille
285 1816 382 1867 autem
395 1808 546 1885 inpavidus
558 1819 652 1885 partes
665 1808 816 1865 cunctatur
828 1806 858 1863 in
871 1807 975 1877 omnia,

217 1912 362 1972 Dentibus
373 1912 549 1985 infrendens,
569 1921 600 1972 et
613 1922 698 1990 tergo-
706 1910 818 1970 decutit
833 1910 938 1969 hastas:

217 2017 306 2074 Haud
319 2017 411 2087 aliter,
427 2017 510 2094 justae
522 2016 626 2094 quibus
639 2015 680 2074 est
692 2013 857 2074 Merentius
868 2013 929 2082 irae,

213 2119 284 2180 Non
297 2119 350 2178 ulli
363 2120 403 2178 est
416 2119 528 2178 animus
542 2119 637 2178 striato
650 2137 817 2179 concurrere
830 2118 925 2188 serr05

211 2221 367 2282 Miffilibus
380 2223 475 2297 lunge,
495 2229 526 2278 et
537 2222 614 2280 vasto
625 2222 758 2290 clamore,
778 2221 926 2279 lacessunt.

249 2325 382 2382 vVenerat
394 2323 520 2398 antiquis
533 2323 657 2399 Corythi
670 2324 707 2381 de
720 2323 826 2382 finibus
839 2324 949 2394 Acron,

218 2424 320 2484 Graius
341 2425 441 2494 homo,
462 2424 583 2482 infectos
602 2425 737 2502 linquens
755 2426 897 2503 profugus
917 2427 1020 2504 hyme-

297 2547 387 2586 naeos:

123 2681 126 2692 .
217 2629 306 2692 Hu'uc
319 2631 370 2690 ubi
384 2629 553 2689 miscentem
565 2632 653 2708 longe
666 2631 761 2690 media
775 2633 892 2708 agmina
906 2634 989 2704 vidit,

217 2734 395 2814 Purpureum
407 2733 519 2810 pennis,
539 2743 569 2791 et
581 2734 672 2811 paiiae
684 2732 816 2811 conjugis
827 2736 916 2806 ostro,

218 2840 347 2917 Inpastus
361 2838 466 2896 stabula
481 2837 537 2896 alta
551 2837 596 2895 leo
609 2855 662 2895 ceu
676 2836 749 2914 saepe
762 2857 925 2915 peragrans,

217 2944 323 3001 Suadet
335 2942 414 3000 enirn
428 2940 527 2998 vesana
541 2940 630 2998 fames
635 2964 644 3010 3
666 2940 687 2996 sr
700 2940 775 2998 forte
788 2941 925 3018 fugacem
938 3001 943 3006 ,

218 3045 375 3123 Conspexit
386 3061 526 3122 capream,
548 3052 598 3102 aut
616 3043 781 3119 surgentem
793 3043 826 3100 in
839 3063 946 3103 cornua
959 3063 1021 3104 cer·

295 3167 365 3206 vum
372 3173 380 3217 ;

217 3238 339 3320 Gaudet,
353 3249 434 3307 hians
446 3249 572 3322 inmane,
586 3267 737 3324 comasque
751 3249 871 3320 adrexit,
884 3258 914 3307 et
927 3249 1017 3308 haeret
