2509 3875
247 322 306 375 200
507 313 787 381 AENEIDOS,
939 314 1058 376 v.l72.

247 472 402 531 Sescentos
414 466 457 528 illi
471 471 589 531 dederat
601 471 757 549 Populonia
770 477 873 535 mater,

249 576 388 651 Expertes
401 574 482 643 belli,
499 572 634 651 juvenes:
656 574 697 633 ost
710 575 771 631 liva
783 579 933 636 trecentos,

249 676 345 735 Insula
358 676 532 735 inexhaustis
545 677 713 753 Chalybum
730 674 865 753 generosa
878 670 1013 730 metallis.
1070 730 1075 737 ,

247 766 373 847 Teriius,
384 778 435 837 ille
446 780 597 838 hominum
609 780 768 855 divomque
778 778 926 853 interpres,
936 774 1056 850 Asylas,
1169 847 1170 856 ἵ

249 882 308 939 Cui
320 882 463 959 pecudum
478 882 567 953 fibrae,
588 882 655 940 coeli
667 881 715 939 cui
731 880 829 946 sidera,
849 886 960 954 parent,

249 986 288 1043 Et
299 984 407 1061 lingum
419 984 579 1053 volucrum,
599 994 630 1043 et
642 983 761 1061 praesagi
774 980 907 1039 fulminis
918 979 1012 1057 ignes,

248 1086 335 1145 Mille
348 1085 431 1162 rapit,
451 1087 551 1143 densos
564 1086 626 1145 scie
639 1097 727 1163 atque
741 1083 924 1143 horrentibus
935 1081 1030 1139 hastis

249 1190 311 1246 Hos
324 1206 422 1264 parere
431 1186 524 1264 jubet,
544 1189 666 1266 Alpheae
679 1191 715 1246 ab
728 1188 849 1265 origine,
872 1186 940 1243 Pisae

179 1292 182 1297 ‘
249 1292 335 1358 Urbs,
356 1292 474 1349 Etrusca
488 1291 554 1351 solo.
585 1293 721 1368 Sequitur
733 1291 941 1369 pulcherrimus
953 1288 1053 1360 Astur,

248 1394 335 1455 Astur
346 1412 422 1469 equo
434 1393 534 1463 fidens,
556 1406 585 1452 et
599 1395 810 1453 versicoloribus
823 1392 918 1451 armis.

248 1498 422 1555 Tercentum
433 1496 582 1574 adjiciunt,
594 1517 676 1555 mens
688 1497 823 1555 omnibus
834 1516 891 1552 una
903 1494 1052 1570 sequendi,

251 1600 538 1669 commendem,
558 1600 609 1677 qui
622 1600 689 1657 sunt
701 1598 842 1657 Minionis
855 1600 887 1655 in
901 1598 984 1666 arvis,

250 1704 288 1759 Et
302 1702 386 1779 Pyrgi
400 1713 518 1774 veteres,
538 1703 773 1780 intempestaeque
788 1702 940 1759 Graviscae.

288 1805 319 1863 N
321 1824 358 1862 on
371 1824 426 1881 ego
439 1816 477 1875 te,
499 1806 641 1882 Ligurum
654 1807 762 1875 ductor,
783 1805 932 1862 fortiffime
945 1802 1033 1871 bello,

248 1908 431 1979 Transrerim,
449 1908 557 1986 Cinyra
565 1934 573 1981 3
595 1918 635 1979 et,
648 1908 747 1987 paucis
760 1907 906 1976 comitate,
920 1908 1049 1982 Cupauo,

250 2011 340 2089 Cujus
353 2013 470 2069 olorinae
483 2011 606 2088 surgunt
618 2013 654 2070 de
667 2012 774 2069 vertice
785 2030 904 2088 pennae:

250 2117 374 2174 Carmen
388 2135 468 2172 amor
477 2115 608 2183 vestrum,
620 2115 777 2190 fonnaeque
791 2114 900 2189 infigne
912 2121 1050 2189 patemae.

288 2218 425 2290 Namque
457 2217 563 2284 ferunt,
593 2217 673 2274 lucitu
703 2219 837 2293 Cycnum
864 2215 1051 2273 Phaethontis
1169 2218 1171 2255 ὲ

367 2319 464 2386 amati,

248 2420 386 2496 Populeas
399 2420 475 2478 inter
487 2420 595 2478 frondis
607 2425 797 2499 umbramque
809 2423 937 2481 sororum

249 2523 330 2580 Dum
343 2521 429 2590 canit,
449 2532 480 2578 et
492 2523 620 2581 maestum
634 2525 715 2582 musa
729 2525 835 2583 solatur
847 2545 984 2595 amorem,

250 2627 412 2684 Canentem
426 2625 507 2682 molli
521 2626 619 2702 plumat
633 2627 742 2686 duritie
755 2629 916 2698 senectam

250 2730 443 2806 Linquentem
459 2740 553 2794 terras.
574 2741 604 2786 et
617 2730 705 2787 sidera
718 2750 788 2788 voce
802 2731 977 2806 sequentem.

249 2834 272 2891 F
273 2833 345 2904 iiius,
366 2831 483 2907 aequalis
496 2832 649 2890 comitatus
662 2833 749 2890 claffo·
758 2842 894 2902 catervas,

249 2937 404 3012 Ingentem
417 2935 501 2992 remis
515 2935 691 2992 Centaurum
705 2946 869 3012 promovet:
892 2936 942 2992 ille

215 3063 217 3066 ·
250 3039 338 3095 Instat
352 3057 441 3114 aqum,
462 3037 618 3113 saxumque
630 3037 716 3094 undis
727 3038 845 3095 inmane
859 3037 994 3095 minatur

249 3141 375 3208 Arduus,
396 3151 425 3196 et
439 3140 526 3215 longa
539 3139 629 3198 sulcat
643 3141 732 3198 maria
746 3141 810 3198 alba
827 3142 933 3200 carina.

288 3243 341 3298 Ille
355 3243 444 3299 etiam
457 3243 556 3320 patriis
570 3261 675 3319 agmen
688 3244 746 3302 ciet
758 3245 858 3302 Ocnus
871 3247 908 3301 ab
920 3244 986 3314 oris,

1048 3591 1052 3598 ,
