2509 3875
74 306 76 351 ³
192 334 219 375 v.
232 320 301 375 413.
494 314 593 375 ΗΒ.
632 317 687 375 xl.
910 290 986 373 'ue

190 470 329 529 Funditus
343 470 509 541 occidimus,
529 490 623 549 neque
637 472 725 530 habet
738 470 861 528 Fortuna
877 471 985 547 regres-

267 574 344 645 sulm

190 676 313 735 Oremus
326 696 434 753 pacem,
455 686 483 735 et
497 679 609 735 dextras
623 678 772 735 tendamus
784 675 893 733 inertis.

74 810 76 859 ς
191 780 385 860 Quamquam,
396 780 427 837 ol
447 780 568 837 sisolitae
578 778 858 855 quidquamvirtutis
870 776 983 848 adesset,

189 882 242 939 Ille
255 881 329 939 mihi
340 892 407 939 ante
419 882 489 939 alios
501 883 719 957 fortunatusque
731 882 870 949 laborum,

189 984 385 1060 Egregiusque
397 984 496 1053 animi,
516 983 576 1059 qui,
596 983 716 1058 nequid
729 983 786 1040 tale
798 981 917 1051 videret,

189 1085 344 1144 Procubuit
360 1086 492 1157 moriens,
512 1094 542 1143 et
560 1086 683 1143 humum
699 1084 785 1143 semel
798 1103 846 1143 ore
859 1104 984 1143 momor-

267 1188 319 1245 dit.

189 1290 239 1349 Sin
251 1298 281 1348 et
293 1310 359 1367 opes
372 1290 462 1361 nobis,
483 1299 512 1349 et
524 1291 617 1349 adhuc
629 1291 735 1349 intaeia
744 1290 889 1367 juventus,

165 1412 168 1415 ·
187 1392 365 1469 Auxilioque
376 1395 459 1453 urbes
471 1394 560 1463 Italae,
580 1392 745 1469 populique,
765 1392 913 1471 supersunt
918 1418 928 1465 3

188 1496 238 1554 Sin
250 1505 280 1553 et
291 1494 421 1572 Trojaois
434 1515 500 1553 cum
513 1496 605 1553 multo
618 1496 708 1571 gloria
720 1496 801 1555 venit

189 1597 347 1680 Sanguine5
369 1598 434 1655 sunt
446 1596 504 1655 illis
516 1598 565 1655 sua
579 1598 688 1665 sunere,
707 1617 815 1674 parque
826 1617 878 1675 per
888 1598 981 1657 omnio

188 1700 365 1775 Tempestas:
386 1720 437 1758 cur
454 1702 601 1759 indecores
614 1700 865 1777 in'limine-primo
914 1712 917 1719 '

188 1802 361 1861 Deficimus?
382 1824 433 1863 cur
445 1815 511 1861 ante
522 1806 621 1862 tubam
634 1814 739 1861 tremor
751 1814 871 1880 occupat
883 1808 980 1864 artus?

188 1906 283 1966 Multa
298 1906 365 1976 dies,
386 1907 534 1983 variusque
547 1908 627 1967 labor
640 1906 787 1966 mutabilis
800 1906 864 1976 aevi,

188 2011 300 2068 Retulit
312 2011 344 2068 in
357 2012 458 2068 melius
463 2037 471 2081 3
493 2013 597 2069 multos
610 2013 716 2069 alterna
729 2010 850 2068 revisens

186 2115 276 2181 Lusu,
296 2124 325 2172 et
337 2115 368 2172 iu
382 2115 470 2172 solido
483 2113 576 2172 rursus
589 2115 714 2172 Fortuna
726 2113 840 2171 locavit.

186 2217 255 2275 Non
269 2217 324 2274 erit
337 2217 447 2274 attullio
460 2217 541 2274 nobis
554 2218 680 2287 AEtolus,
701 2226 731 2274 et
746 2217 833 2294 Arpi3

185 2322 228 2379 At
242 2321 384 2396 Messapus
396 2321 459 2391 erit,
479 2320 794 2396 felixqueTolumnius,
814 2330 852 2389 et,
870 2340 942 2396 quos

185 2424 243 2482 Tot
257 2425 354 2501 populi
366 2423 476 2496 misere,
497 2424 596 2496 duces3
618 2443 672 2482 nec
685 2425 764 2482 tarda
777 2423 910 2500 sequetur

185 2526 284 2584 Gloria
298 2528 418 2586 delectos
431 2527 523 2596 Latio,
543 2537 573 2584 et
585 2524 776 2586 Laurentibus
788 2527 872 2604 agris.

185 2629 234 2687 Est
246 2637 284 2696 et,
299 2629 464 2688 Volscorum
476 2630 591 2707 egregii
604 2632 640 2688 de
653 2641 748 2708 gente,
768 2631 901 2698 Camilla,

185 2735 302 2808 Agmen
315 2751 400 2808 agens
411 2733 551 2808 equitum,
572 2743 601 2791 et
614 2734 742 2792 florentis
754 2752 810 2791 aere
823 2742 960 2790 catervas.

184 2833 282 2902 Quod,
302 2833 323 2891 fi
337 2853 383 2892 me
397 2835 487 2893 solum
497 2835 603 2894 Teucri
615 2835 648 2893 in
661 2835 817 2894 certamina
834 2833 965 2910 poscunt,

183 2936 275 3011 quue
284 2937 387 3012 placet,
399 2946 568 3012 tantumque
581 2937 663 2995 bonis
672 2925 873 2994 communibus
883 2934 977 3005 obst03

183 3041 254 3099 Non
267 3040 337 3097 adeo
350 3039 400 3098 has
413 3043 496 3100 erosa
508 3059 610 3098 manus
623 3039 750 3098 Victoria
763 3037 851 3114 fugit,

184 3143 228 3200 Ut
242 3143 321 3200 tanti
334 3141 490 3218 quidquam
502 3161 554 3220 pro
566 3143 613 3218 spe
627 3150 737 3199 tentare
749 3139 884 3200 recusem.

182 3245 237 3302 Ibo
249 3245 353 3304 animis
364 3255 463 3306 contra
469 3271 478 3320 i
493 3246 539 3309 vel
551 3263 690 3324 magnum
700 3243 812 3323 praestet
821 3243 977 3317 Achillem,

320 3595 460 3672 A
