2509 3875
253 322 312 381 216
507 320 785 393 AENEIDOS,
942 327 1059 391 moe.

253 470 308 537 vn
317 475 450 555 Trojane,
471 478 530 539 fine
543 480 617 539 hanc
638 478 776 549 animam,
795 485 827 537 et
840 476 975 535 miserere
988 494 1059 553 pre·

332 580 433 639 cantis.

254 682 387 741 Pluribus
400 684 494 743 oranti
507 686 634 745 AEoeas:
656 685 745 743 Haud
758 684 827 743 talia
839 683 950 742 dudum

253 786 340 859 Didia
353 786 448 846 dabas.
485 788 609 859 Morere,
623 797 653 845 cl
666 788 786 846 fratrem
797 806 835 845 ne
846 784 943 845 desere
956 785 1058 845 frater.
1175 839 1177 866 ,

254 890 341 959 Turn,
361 890 482 949 latebras
495 890 607 961 animae,
627 891 726 967 meins
738 908 875 949 mucrone
888 888 1024 947 recludit.

293 992 376 1051 Talia
389 1010 441 1069 per
452 1011 567 1069 campos
580 994 684 1053 edebat
696 993 798 1051 funera
810 993 912 1051 dudor

254 1094 417 1165 Dardanius
425 1119 434 1165 ς
457 1095 590 1153 torrentis
605 1115 698 1173 aqnae,
716 1096 762 1154 vel
776 1094 898 1153 turbinis
911 1093 976 1161 atri,

255 1198 341 1255 More
354 1197 462 1255 furens.
496 1199 628 1257 Tandem
640 1209 805 1277 erumpunt,
824 1206 855 1257 et
867 1199 955 1257 castra
966 1196 1060 1255 relin-

333 1311 428 1375 quunt
617 1298 620 1305 '
801 1307 805 1313 ⁴

255 1402 395 1461 Ascanius
408 1422 487 1481 puer,
505 1413 544 1476 et,
565 1405 762 1481 nequidquam
774 1404 890 1475 oblmis,
906 1403 1059 1482 juventus.

288 1507 440 1583 ,Junonem
451 1505 561 1565 interea
573 1507 718 1584 conpellat
731 1507 863 1585 anpiter
875 1508 965 1564 ultro:

256 1609 285 1667 O
297 1627 432 1685 germana
442 1610 524 1680 mihi,
538 1619 624 1686 atque
634 1611 735 1669 eadem
748 1609 904 1685 gratiffima
913 1607 1057 1686 conjunx!

256 1712 300 1770 Ut
312 1714 419 1783 rebare,
433 1715 531 1773 Venus
545 1716 611 1789 (nec
625 1722 655 1771 te
667 1712 805 1771 sententia
820 1712 910 1785 fallit)

255 1814 392 1892 Trojauas
406 1817 543 1875 sustentat
556 1834 622 1891 opes
628 1840 638 1887 3
659 1834 717 1873 non
730 1814 826 1874 vivida
840 1815 915 1872 bello
1054 1893 1057 1903 Ι

254 1918 367 1978 Dextra
380 1919 457 1991 viris,
478 1918 649 2014 animusque
661 1918 752 1989 ferox,
764 1917 934 1995 patiensque
945 1916 1060 1995 pericli.

256 2023 313 2080 Cui
322 2023 398 2098 Juno
408 2022 553 2080 submiffa:
577 2021 667 2091 Ouid,
682 2042 700 2079 o
709 2021 901 2098 pulcherrime
913 2018 1058 2096 conjunx!

256 2125 397 2182 Sollicitas
410 2144 526 2201 aegram,
546 2135 575 2181 et
591 2133 641 2182 tua
654 2123 742 2182 tristia
755 2124 831 2182 dicia
845 2123 1016 2182 timentem?

256 2226 286 2283 Si
299 2225 382 2294 mihi,
395 2245 459 2300 quae
472 2226 617 2301 quondam
630 2227 733 2295 fuerat,
747 2245 891 2303 quamque
903 2226 958 2284 effe
971 2227 1060 2286 dooe-

334 2329 393 2397 bat,

183 2494 189 2510 ,
255 2429 308 2486 Vis
318 2428 349 2486 in
362 2447 458 2486 amore
468 2430 556 2488 foretl
579 2449 637 2490 non
648 2430 703 2489 hoc
711 2430 784 2490 mibi
794 2451 918 2508 namque
926 2451 1057 2508 negares,

256 2530 456 2607 Omnipotens,
477 2532 548 2608 quin
561 2543 591 2590 et
602 2551 708 2610 pugnae
721 2533 877 2592 subducere
885 2535 1028 2604 Turnum,

256 2637 295 2693 Et
307 2635 412 2692 Dauno
425 2634 532 2710 pollem
545 2635 721 2694 incolumem
732 2637 841 2694 servare
854 2634 975 2713 parenti.

255 2739 344 2798 Nunc
357 2747 463 2816 pereat,
482 2735 658 2815 Teucrisque
671 2738 721 2815 pio
733 2740 782 2796 det
795 2739 934 2816 sanguine
944 2759 1055 2817 poenas.

254 2843 309 2901 Ille
323 2852 420 2900 tamen
434 2841 526 2900 nostri
539 2841 656 2899 deducit
668 2843 781 2917 origine
793 2861 909 2921 nomen.

255 2945 462 3022 Pilumnusque
474 2945 519 3002 illi
532 2954 650 3021 quartus
661 2954 755 3022 pater3
778 2954 808 3002 et
821 2956 870 3002 tua
883 2945 963 3022 largi

256 3049 337 3124 Saepe
350 3067 447 3119 manu,
468 3048 624 3125 multisque
637 3047 749 3106 ornavit
762 3047 863 3105 limina
876 3048 966 3108 donis.

256 3150 313 3206 Cui
325 3169 376 3207 rex
389 3151 499 3208 aetlserii
512 3151 636 3210 breviter
647 3150 686 3209 fic
698 3151 777 3208 satur
789 3151 923 3228 Olympi:

256 3249 286 3307 Si
298 3269 377 3308 mora
390 3253 535 3329 praesentis
547 3254 608 3324 leti,
631 3264 808 3332 tempusque,
828 3255 936 3312 caduco

1168 3510 1177 3688 l
