2509 3875
241 307 279 357 .v,.
292 297 360 349 311.
565 291 666 350 LIB.
705 290 758 348 VI.
1008 297 1048 360 7⁵

252 446 466 504 ouammultae
475 447 672 524 glomerantur
681 465 754 517 aves,
766 445 818 504 ubi
826 446 948 524 frigidus
959 463 1049 504 annus

251 549 344 606 Trans
356 559 480 625 pontum
492 559 585 625 rugat,
605 559 692 624 atque
704 547 761 606 oris
773 548 898 606 inmittit
909 547 1021 627 apricis.

252 652 373 709 Stabant
383 661 496 710 orantes
507 651 596 729 primi
608 649 801 708 transmittere
813 650 936 720 cursum,

251 755 480 832 Tendebantque
492 773 593 814 manns
604 753 675 831 ripae
687 754 829 812 ulterioris
841 773 946 812 amore.

251 856 361 914 Navita
374 856 422 918 sed
435 856 521 914 tristis
533 875 610 913 nunc
621 855 684 925 hos,
703 875 781 914 nuuc
793 856 903 934 adcipit
915 856 978 914 illos
984 882 994 927 ;

252 959 307 1018 Ast
319 959 398 1026 alios,
418 959 505 1035 longe
516 957 672 1026 submotos,
691 969 769 1016 arcet
780 959 875 1018 areni.

244 1113 250 1124 .
291 1061 411 1130 AEncas,
431 1061 549 1118 miratus
561 1060 649 1130 enim,
670 1069 821 1137 motusque
834 1061 970 1130 tumultu,

168 1233 173 1240 ⁶
253 1162 321 1232 Dic,
334 1163 385 1231 ait,
397 1182 415 1219 o
426 1162 521 1238 virgo!
543 1162 614 1238 quid
628 1163 689 1220 volt
702 1162 852 1221 concursus
865 1165 901 1221 ad
914 1168 1046 1222 amnem?

255 1265 372 1322 Quidve
383 1275 488 1342 petunt
498 1265 619 1322 animae?
640 1267 686 1324 vel
700 1285 758 1344 qno
770 1265 932 1324 discrimine
944 1266 1020 1343 ripas

245 1369 469 1444 Relinquunt,
488 1369 547 1426 illae
559 1369 644 1426 remis
656 1371 727 1428 vada
740 1369 826 1428 livida
839 1373 973 1427 verrunt?

253 1471 315 1528 Olli
329 1472 366 1528 fic
379 1471 506 1528 breviter
517 1471 577 1528 sata
590 1471 630 1528 est
642 1473 769 1548 longaeva
782 1471 921 1530 sacerdos:

254 1573 383 1631 Anchisa
395 1582 537 1650 generate,
556 1574 645 1630 deum
657 1573 808 1632 cernffima
820 1573 922 1653 proles,
1043 1599 1045 1606 ·

254 1676 358 1752 Cocyti
370 1676 467 1753 stagna
479 1676 537 1733 alta
549 1675 637 1743 vides,
657 1675 843 1752 Stygiamque
854 1675 997 1752 paludem,

254 1778 297 1838 Di
308 1777 388 1854 cujus
395 1777 491 1854 jurare
504 1778 616 1845 timent,
636 1785 667 1832 et
677 1776 786 1844 fallere,
807 1795 924 1834 numen.

253 1881 327 1940 Haec
338 1882 441 1950 omnis,
454 1899 542 1959 quam
554 1879 656 1950 nemis,
674 1879 756 1956 inops
768 1878 973 1955 inhumataque
987 1889 1048 1940 tur·

333 1986 438 2057 bacst3
937 2024 939 2031 s

254 2088 378 2146 Portitor
386 2087 446 2155 ille,
456 2087 571 2144 Charon
578 2110 586 2157 ς
601 2084 642 2155 hi,
654 2104 727 2159 ¹quos
739 2084 819 2141 vehit
829 2083 915 2153 unda,
929 2083 1047 2162 sepulti:

254 2190 320 2247 Nec
332 2191 406 2266 ripas
418 2190 503 2246 datur
514 2188 677 2257 horrendas,
697 2196 726 2244 et
739 2206 823 2245 rauca
835 2187 953 2258 fluenta,

253 2292 457 2369 Transportare
469 2290 557 2367 prius,
577 2308 665 2365 quam
679 2288 791 2347 sedibus
804 2289 860 2347 ossa
873 2289 1018 2365 quierunt.

255 2395 382 2458 Centum
393 2401 489 2450 errant
506 2410 604 2460 annos,
623 2391 800 2467 volitantque
817 2392 878 2451 haec
898 2394 981 2453 litora
994 2393 1049 2453 cir·

331 2514 420 2553 cums

254 2600 332 2657 Tum
345 2598 462 2656 demum
474 2596 584 2655 admisii
598 2597 695 2673 stagna
708 2606 841 2673 exoptata
855 2597 990 2655 revisunt.

255 2700 391 2769 Constitit
402 2700 528 2757 Anchisd
541 2683 624 2767 satus,
645 2708 675 2756 et
686 2699 803 2776 vestigia
814 2700 920 2776 preffit;

245 2802 351 2868 ,Multa
358 2811 471 2880 putans,
480 2803 640 2877 sortemque
648 2800 744 2858 animo
752 2800 899 2859 miseratus
908 2800 1048 2875 iniquam.

254 2905 355 2963 Cernit
368 2905 410 2963 ibi
423 2904 542 2972 maestos,
563 2916 593 2959 et
605 2902 705 2960 mortis
717 2902 828 2959 ‘honore
841 2901 971 2969 carentis,

244 3007 432 3082 Leucaspim,
452 3016 482 3063 et
495 3004 591 3082 Lyciae
603 3004 749 3061 duetorem
761 3001 850 3060 classis
864 3002 1008 3061 Orontem

256 3110 347 3176 Quos,
367 3109 449 3168 fimnl
461 3128 478 3165 a
490 3106 576 3183 Trojd
589 3105 704 3163 ventosa
718 3124 769 3181 per
782 3122 893 3179 aequora
908 3106 1010 3175 vestus,

251 3210 361 3269 Obruit
373 3211 473 3279 auster,
486 3209 560 3285 aqui
569 3206 717 3276 involvens
727 3193 894 3280 navemque,
907 3206 1048 3284 virosque.
