2509 3875
266 240 324 306 272
525 234 800 305 AENEIDOS,
957 241 1067 304 mys.

265 387 345 447 Dant
356 388 454 465 fruges
466 388 597 447 manibus
609 390 701 459 salsas,
720 398 751 448 et
764 398 891 466 tempora
904 389 982 447 ferro

265 490 380 549 Summa
394 500 495 547 notant
508 490 661 567 pecudum,
673 492 835 568 paterisque
846 490 947 549 altaria
959 490 1068 552 libant.

301 592 379 655 Tum
393 590 456 668 pius
468 590 577 651 AEneaa
590 591 685 651 tuido
697 592 735 650 fic
747 592 814 651 ense
825 602 969 670 precatur:

264 692 329 753 Esto
342 711 420 753 nunc
433 693 479 751 Sol
493 694 577 763 testis,
596 702 625 751 et
638 692 701 751 haec
713 694 788 752 mihi
796 695 885 752 Terra
898 696 1026 765 vocanti,

264 796 362 853 Quam
375 804 489 872 propter
502 804 593 853 tantos
605 794 687 871 potui
700 794 824 871 perferre
836 795 955 865 labores,

263 898 299 955 Et
313 906 393 972 pater
405 896 595 973 omnipotens,
614 906 645 953 et
657 906 691 981 tu
703 896 833 955 Saturnia
845 898 932 975 Juuo,

261 998 326 1075 Jam
337 997 446 1067 melior,
457 996 527 1074 jam,
537 996 612 1065 diva,
625 1015 737 1073 precor3
760 1006 859 1073 tuque,
871 998 981 1055 inclute
992 999 1068 1059 Ma-

338 1117 409 1167 vers,

261 1200 372 1258 Gauda
387 1210 436 1257 tuo
448 1200 499 1275 qui
512 1200 596 1267 bella,
609 1209 699 1276 pater,
711 1199 763 1259 sub
776 1196 896 1259 numine
906 1209 1042 1276 torquer5

260 1300 423 1376 Fontirque,
444 1300 615 1377 Fluviosque
626 1320 706 1371 voco,
725 1320 846 1379 quaeque
859 1302 973 1361 retheris
984 1304 1045 1363 alti

260 1402 382 1479 Religio,
402 1412 432 1461 et
445 1422 508 1479 quae
522 1402 644 1460 caeruleo
656 1402 721 1460 sunt
733 1402 852 1461 numina
865 1414 969 1480 ponto:

260 1506 379 1570 eerterit
394 1505 521 1567 Ausonio
535 1505 556 1563 fi
569 1506 626 1563 fors
641 1505 760 1584 νὶὁὶοῐὶει1
767 1506 878 1576 Turno,

259 1610 412 1679 Convenit,
435 1608 558 1667 Evandri
570 1592 659 1666 vitria
672 1608 815 1665 discedere
828 1609 863 1665 ad
877 1610 978 1666 urbem
983 1634 993 1681 3

259 1714 349 1773 Cedet
365 1714 441 1771 Iulus
455 1712 529 1789 agris
534 1734 543 1783 5
565 1728 618 1769 uec
630 1710 692 1786 post
703 1728 782 1768 arma
794 1711 853 1767 ulla
864 1712 984 1769 rebelles

258 1818 399 1875 AEneadae
411 1816 544 1884 referent,
565 1814 676 1871 ferrove
688 1812 750 1870 haec
761 1832 848 1889 regna
861 1814 1005 1874 laoeffeut.

257 1920 305 1978 sin
320 1920 444 1986 nostrum
459 1917 590 1978 adnuerit
603 1917 686 1975 nobis
696 1916 821 1975 Vidtoria
834 1916 971 1986 Martem,

258 2024 301 2081 Ut
312 2023 407 2099 potius
420 2041 491 2090 reor,
511 2031 541 2080 et
553 2020 648 2098 potius
662 2020 701 2078 Di
714 2020 833 2077 numine
846 2021 980 2092 firment3

256 2127 326 2185 Nou
339 2145 393 2202 ego
407 2145 459 2184 nec
471 2124 589 2184 Teucris
602 2123 689 2182 Italos
702 2142 800 2199 parere
808 2121 925 2199 jubebo,

256 2229 320 2285 Nec
333 2229 406 2286 mihi
418 2247 505 2303 regua
517 2237 597 2304 peto:
620 2227 735 2303 paribus
748 2227 776 2284 se
788 2227 899 2302 legibus
913 2229 1008 2285 amboe

256 2329 372 2387 Invitrae
385 2339 484 2405 gentes
496 2339 601 2386 aeterua
615 2328 646 2385 in
659 2329 765 2385 soedera
778 2328 904 2386 mittant.

255 2431 347 2498 Sacra,
360 2431 491 2506 deosque,
504 2431 591 2488 dabo:
614 2432 691 2489 socer
703 2449 781 2488 arma
794 2431 915 2488 Latinus
927 2431 1054 2506 habet03

255 2531 410 2610 Imperium
424 2531 560 2590 sollemne
573 2533 664 2590 socer:
687 2533 759 2590 mihi
773 2533 877 2590 moeuia
889 2534 997 2591 Teucri

255 2637 445 2706 Constituent‚
465 2635 587 2710 urbique
600 2635 680 2694 dabit
694 2635 813 2694 Lavinia
826 2655 940 2693 nomen.

295 2742 341 2806 Sic
353 2740 430 2818 prior
442 2739 563 2798 AEneas:
586 2738 714 2814 sequitur
726 2738 763 2796 fic
776 2736 880 2795 deiude
894 2738 1026 2810 Latinus,

255 2844 412 2922 Suspiciens
426 2842 544 2913 eoelum;
567 2843 716 2916 tenditque
728 2842 764 2898 ad
777 2841 864 2898 fidera
877 2841 1026 2900 dextram:

254 2949 326 3005 Haec
340 2947 449 3014 eadem,
469 2946 574 3014 AEneu,
587 2947 716 3011 Terram,
735 2945 828 3013 Mate,
848 2944 953 3014 Sidera,
970 2944 1052 3021 juro,

254 3051 426 3124 Latonaeque
440 3067 530 3124 genus
542 3047 658 3123 duplex,
678 3049 842 3124 Janurnque
854 3047 1022 3119 bifrontem,

252 3151 377 3224 Vimque
390 3153 475 3223 deum
488 3150 641 3220 infernam,
660 3159 689 3206 et
702 3148 766 3206 duri
778 3148 895 3208 sacraria
908 3149 1002 3223 Ditis3

1160 3264 1166 3659 i
