2509 3875
277 334 335 399 278
529 332 806 403 AENEIDOS,
972 337 1083 389 ν.333.

276 484 354 543 Bella
368 504 494 557 movens,
513 488 639 548 inmittit
651 509 753 567 equom
775 488 820 547 illi
831 506 948 563 ¹aequore
960 495 1065 565 aperto

276 588 355 645 Ante
369 588 471 657 Notos,
484 590 717 669 Zephyrumque,
729 591 845 651 volant:
866 590 960 667 gemit
972 589 1085 647 ultima

356 686 439 766 pulsu

276 790 388 851 Thraca
401 794 522 871 pedum,
544 794 711 874 circumque
724 806 793 855 atrae
806 792 977 855 Formidinis
990 812 1054 864 ora,

276 896 397 971 ireque,
418 896 595 977 Infidiaeque‚
614 898 663 957 dei
675 899 839 967 nomitatim,
858 907 993 974 aguntur.

274 996 355 1055 Talis
367 1016 456 1074 equos
469 1000 561 1057 alacer
573 1000 669 1059 media
681 998 758 1058 inter
769 1000 870 1075 proelia
882 1001 1007 1067 Tunius,

276 1098 425 1157 Fumentis
438 1100 547 1173 sudore,
568 1102 671 1178 quatit,
691 1102 854 1161 miserabile
865 1101 941 1161 eoefis

277 1200 413 1259 Hostibus
426 1201 576 1274 insultans,
599 1204 707 1282 spargit
718 1205 816 1281 rapida
828 1204 937 1280 ungula
951 1220 1029 1260 rores

277 1302 463 1381 sanguineos,
483 1304 632 1383 mixtique
643 1326 727 1365 cruor
738 1306 864 1365 calcatur
876 1306 971 1363 areni.

277 1407 399 1485 Jamque
418 1406 483 1465 neci
496 1407 721 1486 Sthenelumque
735 1407 825 1478 dedit,
838 1406 1081 1484 Thamyrlmque,

167 1500 173 1516 ¹
356 1508 543 1587 Pholumque,
591 1554 594 1563 Α

277 1612 374 1680 Hunc,
395 1611 564 1689 congressus,
584 1623 614 1669 et
627 1613 719 1685 hunc3
741 1612 834 1683 illum,
854 1610 983 1669 eminus:
1005 1610 1082 1669 emi·

356 1734 409 1772 nus
422 1718 507 1773 ambo

278 1817 455 1888 Imbrafidas,
473 1818 614 1875 Glaucum
628 1825 716 1893 atque
729 1818 837 1884 Laden,
850 1835 921 1892 quos
934 1814 1082 1872 Imbrasus

354 1920 414 1998 ipse

277 2023 430 2082 Nutrierat
443 2023 542 2101 Lycii,
561 2023 733 2101 paribusque
746 2029 895 2080 ornaverat
908 2020 995 2078 armis
1002 2046 1011 2093 i

277 2124 332 2184 Vel
347 2125 475 2183 conferre
487 2145 615 2193 manum,
635 2125 681 2182 vel
694 2144 769 2200 equo
787 2133 955 2201 praevertere
967 2130 1081 2209 uentos.

316 2229 399 2284 Parte
412 2227 477 2295 alid,
497 2227 591 2286 media
606 2228 747 2285 Eumedes
759 2226 790 2284 in
803 2226 903 2304 proelia
916 2226 1018 2297 fertur,

278 2327 403 2402 Antiqui
416 2329 518 2404 proles,
539 2328 612 2386 bello
626 2329 769 2404 praeclara,
791 2329 926 2399 Dolonis;

277 2429 406 2487 Nomine
426 2449 512 2486 avum
533 2431 665 2500 reserens,
691 2431 788 2489 animo
808 2431 1008 2506 manibusque,
1028 2450 1084 2507 pa-

314 2509 317 2519 s
355 2539 480 2587 rentem:

278 2632 341 2692 oui
351 2633 505 2710 quondam,
519 2633 604 2690 casim
614 2644 648 2691 ut
659 2635 794 2694 Danaum
804 2635 963 2712 speculator
975 2636 1083 2708 adiret,

277 2737 373 2797 Ausus
387 2735 489 2794 Pelidae
502 2736 627 2813 pretium
641 2738 691 2795 fibi
705 2738 818 2814 poscere
830 2739 944 2797 currite:

278 2841 366 2898 lllum
379 2839 505 2916 Tydides
518 2839 575 2897 alio
588 2858 640 2917 pro
656 2839 762 2898 talibus
775 2839 847 2898 ausu

278 2942 395 3001 Adfecit
409 2941 502 3020 pretio
507 2967 515 3013 3
537 2962 590 3000 nec
604 2943 685 3018 equis
697 2941 821 3019 adspirat
833 2941 968 3000 Achillis.

278 3047 366 3104 Hunc
378 3037 477 3123 procul
491 3055 524 3102 ut
537 3064 640 3120 campo
651 3045 767 3102 Turnus
778 3043 923 3122 prospexit
934 3052 1046 3121 aperto,

277 3149 357 3204 Ante
369 3148 425 3206 levi
434 3146 530 3224 jaculo
543 3148 663 3222 longum
675 3165 726 3223 per
737 3146 823 3205 inane
835 3147 957 3216 secutus,

277 3248 354 3310 Sistit
366 3267 453 3323 equos
466 3247 580 3325 bijugis,
600 3257 631 3306 et
643 3266 729 3306 curru
740 3249 842 3321 desilit,
862 3258 963 3324 atque·
