2509 3875
238 326 298 379 224
496 316 775 389 muernos,
814 274 816 280 ¹
933 317 1049 378 moe.

237 476 300 533 Aut
313 474 405 533 amnis
418 474 496 553 ripis,
516 486 567 535 aut
578 476 630 537 alti
644 476 754 535 fornice
766 474 838 544 sani,
940 476 944 481 ’

237 576 318 637 Dum
330 577 404 654 pluit
417 577 447 635 in
464 578 561 651 terris,
584 588 618 637 ut
630 578 745 655 poffint,
765 578 824 637 sole
837 576 964 645 redubio,

239 682 381 739 Exeruere
395 682 489 741 diem:
513 683 560 755 sre,
580 684 700 741 obrutus
712 682 844 757 undique
856 680 932 748 telis,

239 782 349 842 AEneas
363 786 469 845 nubem
484 784 562 857 belli,
583 785 654 844 dum
666 785 794 853 detonet,
814 800 932 841 omnem

242 886 369 945 Sustinet
372 912 381 958 ;
391 898 421 945 et
430 886 554 945 Lausum
565 886 728 964 increpitat,
737 885 888 962 Lausoque
898 884 1059 953 minatore

243 988 323 1059 Qun,
347 990 494 1058 moriture,
514 989 582 1059 ruis,
602 989 766 1067 majoraque
778 989 887 1046 viribus
899 989 1002 1045 audes?

242 1091 327 1150 Fallit
341 1102 370 1149 te
382 1092 531 1149 incautum
544 1092 636 1169 pietas
649 1102 709 1150 tua.
749 1092 814 1149 Nec
826 1090 923 1148 minus
934 1090 986 1147 ille

242 1192 374 1251 Exsultat
387 1194 520 1265 demens,
543 1194 622 1252 saevae
632 1192 751 1271 jamque
763 1192 849 1251 altius
861 1193 912 1250 irae

228 1295 389 1355 'Dardanio
402 1294 521 1373 surgunt
536 1296 656 1365 dudori,
675 1308 860 1371 extremaque
872 1294 965 1353 Lauso

244 1400 338 1455 Parcae
351 1397 399 1455 fila
414 1398 531 1475 leguntr
554 1400 684 1457 validum
696 1418 822 1475 namque
834 1398 925 1475 exigit
938 1396 1042 1455 ensem

243 1502 295 1559 Per
308 1500 437 1571 medium
450 1500 559 1559 AEneas
573 1499 720 1579 juvenem,
741 1512 892 1577 totumque
904 1498 1049 1559 recondit.

241 1604 369 1663 Transiit
382 1615 411 1663 et
423 1624 552 1683 parmam
563 1625 674 1676 mucro,
693 1606 768 1664 levia
780 1624 859 1663 arma
871 1604 1004 1674 minacis,

244 1709 281 1767 Et
296 1708 435 1778 tunicam,
455 1708 537 1765 molli
552 1717 644 1767 mater
656 1727 744 1784 quam
757 1717 873 1765 neverat
885 1724 970 1778 aur03

244 1810 427 1888 inplevitque
436 1811 533 1873 ¹smum
547 1810 674 1887 sanguis:
698 1819 762 1869 tum
773 1810 834 1869 vita
846 1828 898 1887 per
909 1828 992 1867 auras

244 1914 389 1972 Concessrt
402 1914 497 1986 maella
511 1915 547 1972 ad
561 1913 669 1982 Manis,
687 1931 847 1990 corpusque
858 1910 985 1988 reliquit.

283 2021 326 2074 At
339 2037 406 2075 vero
420 2027 453 2076 ut
465 2017 577 2075 voltum
592 2017 665 2075 vidit
678 2016 836 2085 morientis,
856 2003 957 2084 elota,

244 2119 303 2178 Ora
317 2119 409 2178 modis
422 2119 608 2182 Anchifiades
621 2119 759 2197 pallentia
772 2118 870 2189 miris;

245 2222 392 2299 Ingemuit
404 2221 541 2280 miserans
555 2222 688 2298 graviter,
702 2224 891 2298 dextramque
904 2220 1046 2295 tetendit}

244 2327 282 2383 Et
296 2335 423 2382 mentem
436 2325 537 2400 patriae
552 2323 641 2382 subiit
653 2326 768 2402 pietatis
781 2325 889 2401 imago.

192 2452 196 2459 ·
246 2425 327 2486 Quid
340 2426 394 2482 tibi
407 2445 494 2496 nunc,
509 2425 667 2484 miserande
678 2446 758 2504 puer,
771 2447 823 2504 pro
833 2427 967 2485 laudibus
978 2426 1047 2499 inis,

245 2529 327 2588 Quid
340 2528 404 2605 pius
418 2529 620 2586 AEneastauti
633 2530 713 2587 dabit
725 2530 824 2587 indole
837 2530 975 2606 dignum?

230 2637 344 2699 Arma,
358 2631 462 2707 quibus
475 2631 596 2701 laetatus,
618 2632 693 2690 habe
706 2642 772 2690 tua:
795 2643 881 2708 teque
893 2641 1047 2709 parentum

244 2736 391 2811 Manibus,
411 2745 441 2792 et
454 2733 553 2802 cineri,
574 2734 665 2810 siqua
678 2735 719 2793 est
731 2754 764 2792 ea
782 2754 860 2804 cura,
880 2736 1007 2800 remitto.

244 2842 310 2900 Ho'e
324 2852 419 2898 tamen
432 2837 536 2895 infelix
549 2838 682 2895 miseram
695 2838 820 2896 solabere
833 2849 971 2909 mortem,

245 2944 349 3000 AEneae
362 2940 461 3018 magni
474 2941 575 2998 dextri
588 2940 675 2999 cadis.
716 2942 849 3016 Increpat
862 2941 939 2998 ultro

244 3044 413 3102 Cundlantis
428 3043 524 3110 socios.
545 3057 574 3100 et
588 3043 662 3100 terri
675 3043 804 3101 sublevat
815 3043 921 3121 ipsum,

245 3146 389 3221 Sanguine
403 3155 566 3222 turpantem
581 3151 690 3202 comtos
703 3147 739 3202 de
753 3164 832 3204 more
845 3145 971 3222 capillos.

283 3247 405 3316 Interea,
426 3247 540 3322 genitor
551 3247 685 3332 pinnini
698 3249 733 3306 nd
746 3247 877 3307 fluminis
889 3250 998 3308 undam
