2509 3875
196 276 201 285 Ι
276 337 316 389 δα
397 380 400 395 ,
535 325 811 396 AENEIDOS,
963 325 1070 398 v.e96.

276 484 365 541 Hunc
382 500 500 555 morem,
520 483 572 541 hos
592 483 699 553 cursum
715 491 802 559 atque
822 483 884 539 haec
904 480 1070 551 certamina,

273 630 279 643 .
352 584 459 661 primur
861 596 865 605 “
1177 565 1179 576 ’

275 686 423 758 Ascanius,
446 688 576 764 Longam
587 688 676 746 muris
690 707 781 763 quum
793 688 922 763 cingeret
933 686 1052 756 Albam,

275 787 396 859 Retulit,
416 798 446 846 et
457 789 561 866 priscos
574 790 673 848 docuit
685 790 826 847 celebrare
838 790 968 847 Latinos:

276 892 347 949 Quo
358 910 430 969 puer
441 891 501 970 ipse
513 893 606 964 modo,
627 892 724 951 secum
736 912 794 968 quo
805 894 894 950 Troia
906 895 1006 969 puber,

271 993 383 1051 'Albani
395 994 517 1052 docuere
526 994 607 1056 suos:
629 994 699 1052 hinc
710 1012 845 1053 maxuma
857 1013 941 1071 porro

273 1095 400 1171 Adcepit
413 1097 513 1166 Roma,
534 1104 563 1153 et
575 1096 701 1173 patrium
714 1096 835 1155 servavit
846 1097 998 1165 honorem3

202 1198 204 1203 “
273 1193 417 1271 Trojaque
429 1215 516 1268 nunc,
536 1196 616 1273 pueri
628 1196 786 1275 Trojanum
797 1197 904 1255 dicitnr
916 1217 1028 1275 agmen.

273 1294 339 1357 Hac
351 1300 492 1359 celebra-ta
504 1308 585 1358 tenus
599 1299 695 1358 sanblo
707 1300 861 1358 certamina
872 1300 957 1375 patri.

312 1402 371 1459 Hic
382 1402 510 1477 primum
522 1402 646 1459 Fortuna
658 1400 746 1459 fi'dem
758 1410 869 1461 mutata
881 1403 1008 1461 novarit.

244 1578 248 1585 ¹
273 1504 354 1563 Dum
367 1502 453 1561 variis
466 1502 581 1561 tumulo
591 1502 721 1561 referunt
733 1503 880 1563 sollemnia
892 1504 977 1574 ludis,

273 1606 345 1663 Irim
358 1606 394 1662 de
407 1606 480 1663 coelo
492 1604 569 1662 misrt
581 1603 713 1663 Saturnia
725 1606 802 1682 Juno

271 1707 392 1765 Iliacam
405 1708 441 1764 ad
453 1706 576 1776 claffem,
595 1714 752 1783 ventosque
763 1707 887 1785 adspirat
898 1710 989 1782 eunti,
1069 1712 1072 1715 ⁴

272 1809 369 1867 Multa
389 1828 515 1879 movens,
534 1828 588 1867 nee
601 1808 671 1867 dum
684 1810 837 1885 antiquum
853 1810 976 1871 saturata
988 1814 1070 1872 dolo-

349 1930 419 1974 rem.

271 2015 335 2084 Illa,
354 2015 431 2072 viam
444 2014 569 2072 celerans
581 2031 633 2089 per
643 2013 724 2070 mille
737 2012 876 2070 coloribus
888 2031 999 2084 arcum,

270 2117 358 2176 Nulli
371 2116 439 2187 visa,
459 2116 518 2174 cito
530 2115 656 2172 decurrit
667 2115 782 2173 tramite
793 2113 885 2191 virgo.

271 2219 420 2294 Conspicit
432 2219 581 2294 ingentem
593 2217 770 2287 concursum,
790 2226 820 2274 et
832 2216 916 2276 litora
927 2218 1038 2289 lustrat,

269 2321 460 2396 Det‘ertosque
472 2320 551 2378 videt
563 2329 671 2396 portus,
690 2319 859 2396 classemque
871 2321 1019 2380 relitlame

269 2426 313 2483 At
325 2423 424 2500 procul
437 2423 469 2480 iu
481 2423 539 2480 sola
552 2423 666 2480 secretae
677 2423 802 2480 Troades
814 2424 877 2483 atila

269 2525 415 2586 Amissum
425 2525 571 2584 Anchisen
581 2526 700 2597 flebant,
710 2526 878 2603 cunelaeque
887 2526 1069 2604 profundum

270 2632 393 2688 Pontum
406 2629 605 2707 adspe&abant
616 2631 726 2707 flentes.
758 2631 828 2688 Heu
840 2639 884 2688 tot
895 2633 968 2689 rada
980 2631 1070 2703 feffir,

269 2735 308 2794 Et
321 2741 434 2790 tantum
448 2733 586 2811 superesse
597 2734 697 2792 marial
717 2753 774 2792 vox
785 2735 921 2792 omnibus
932 2753 1001 2794 una.

268 2838 381 2895 Urbem
394 2845 476 2894 orant
480 2861 490 2908 ς
512 2838 598 2896 taedet
611 2837 708 2914 pelagi
721 2838 846 2914 perferre
858 2839 994 2896 laborem.

268 2940 346 3016 Ergo
356 2939 433 2998 inter
444 2940 552 2998 medias
564 2940 631 3011 sese,
651 2940 730 2999 haud
741 2941 842 3018 ignara
854 2942 986 3010 nocendi,

268 3041 394 3119 conjicit
398 3068 407 3114 3
428 3051 458 3100 et
471 3043 633 3121 faciemque
644 3045 714 3115 deae,
726 3045 900 3120 vestemque,
915 3043 1043 3121 reponit:

267 3145 315 3202 Fit
328 3147 425 3215 Beroe,
444 3147 555 3206 Tmarii
568 3147 695 3226 conjunx
709 3148 839 3225 longaeva
850 3148 969 3224 Dorycli
974 3171 984 3220 3
1070 3183 1075 3193 ›

267 3247 324 3307 Cui
337 3267 436 3327 genus,
451 3257 487 3310 et
499 3253 645 3332 quondam
661 3271 776 3325 nomen,
796 3251 915 3328 natique
927 3249 1060 3312 fuiffent:
