2509 3875
495 307 702 364 Nurum„

231 454 286 501 Ver.
298 450 354 515 657.
376 456 418 502 Pro
434 456 527 504 lcdlione
540 455 604 519 longe
614 452 743 521 ineptiilimd
753 470 797 502 non
807 450 904 501 dubitavi
917 452 997 500 subill-

196 549 258 587 tuere
276 542 416 605 undequaque
432 544 585 607 inculpabilem
603 562 631 593 ex
647 540 781 605 conjectum.
824 543 859 589 Sic
876 541 933 589 AEn.
952 542 995 587 xil·

148 652 152 661 ·
199 628 255 689 78⁴»

326 720 374 781 lpse
385 720 440 767 inter
451 723 532 783 primos
542 722 651 784 praelianti
662 736 751 783 corpore
761 720 852 768 Turnus

327 809 460 868 ‘Vertitur,'
477 826 539 857 arma
549 821 637 857 tenens:

196 892 223 938 ad
241 894 335 941 Homeri
355 898 492 959 exemplum,
509 900 536 945 Il.
547 907 574 945 Δ.
588 910 643 958 541.
659 899 694 943 M.
707 909 748 958 49.
781 897 835 961 Jam
851 911 889 942 ver
915 895 996 943 didio·

196 996 249 1027 nem
266 984 372 1029 ‘vertere'
388 984 425 1031 srbi
440 986 535 1032 eundem
552 986 617 1031 usum
627 985 736 1044 vindicare
752 983 776 1030 in
786 979 858 1030 addivi
868 999 929 1040 voce,
945 994 996 1031 tum

196 1069 267 1114 noller
278 1070 354 1127 Maro,
369 1073 449 1132 Georg.
461 1073 485 1119 ii.
501 1086 540 1134 33.
565 1074 600 1119 iii.
619 1072 673 1133 365.
699 1072 756 1118 AEn·
768 1073 784 1118 i.
803 1084 856 1131 103.
877 1072 927 1118 satis
942 1088 994 1135 pro-
1010 1049 1014 1061 ⁵

196 1156 233 1201 bat
246 1172 299 1205 cum
317 1160 394 1206 multis
404 1162 453 1208 aliis
468 1161 614 1225 scriptoribus,
630 1172 681 1208 tum
691 1176 725 1207 res
734 1160 793 1222 ipsa:
811 1159 860 1206 ride
871 1160 925 1207 silv.
935 1161 995 1207 erit.

196 1245 285 1292 seduci.

202 1350 205 1357 ·
226 1335 282 1379 νοτ.
299 1348 355 1397 709.
383 1338 568 1397 Distinguendum
585 1336 669 1395 curavi,
691 1346 717 1383 ut
735 1337 790 1384 ordo
806 1336 844 1384 lit:
868 1340 906 1384 Ac
922 1338 996 1384 omnis

194 1434 285 1481 campus
304 1424 377 1485 llrrplt
394 1440 518 1479 murmure,
529 1424 670 1485 (umbrarum
684 1421 763 1487 nempe
776 1423 941 1486 volitantium),
956 1440 996 1470 ve·

194 1510 235 1555 luti
254 1510 290 1554 ubi
305 1526 394 1573 apes-.
426 1514 546 1559 Murmure
561 1512 623 1568 vero,
640 1512 711 1557 ‘exili
724 1512 793 1568 voce,’
810 1510 886 1572 utpoti
899 1528 995 1559 concur-

196 1598 302 1653 rentium,
322 1598 489 1657 admirantium,
512 1616 536 1646 ac
553 1599 742 1661 colloquentium
766 1596 863 1645 conferas
879 1615 918 1646 vu.
936 1614 994 1662 492,

194 1695 250 1744 493·
268 1696 324 1745 753·
351 1686 517 1733 Hom-OM·
536 1700 559 1747 s·

227 1772 282 1819 Ver.
296 1784 350 1832 717.
375 1774 417 1819 Per
431 1772 560 1827 facillimam
575 1773 725 1835 conjecturam
741 1774 874 1822 restituimus
890 1776 950 1822 lrurrc
961 1776 994 1823 lo·

194 1875 259 1906 eum.

133 1995 135 2000 .
227 1950 282 1996 Ver.
295 1963 349 2008 722.
373 1952 465 2000 Correxi
482 1953 592 2014 pellimam
609 1951 779 2009 distinctionem,
798 1967 848 2014 quae
863 1953 927 1999 vitiat
941 1954 996 2002 alias

193 2037 309 2095 editiones;
326 2040 428 2100 quamvis
438 2041 529 2088 rectiora
540 2039 651 2086 monuerit
661 2039 757 2095 Servius,
767 2049 789 2085 et
797 2055 871 2086 veram
883 2043 995 2088 construc-

194 2127 278 2172 tionem
289 2127 331 2173 loci
341 2128 457 2190 aperuerit.

227 2215 280 2260 Ver.
288 2227 301 2272 7
305 2227 342 2275 50.
359 2211 393 2261 lti
402 2215 600 2277 interpungendum
607 2209 724 2275 oportuitr
733 2214 792 2276 quan
802 2215 897 2262 dixerat:
909 2221 926 2248 ‘⁴
933 2218 994 2265 Hine

194 2305 211 2334 ‘⁴
224 2302 278 2348 illud
294 2303 324 2349 est
342 2299 455 2365 ‘nempe,’
478 2303 535 2364 quod
552 2302 699 2350 admirarir:”
719 2302 769 2348 uide
785 2318 832 2349 ver.
850 2306 992 2365 703-716.

193 2387 302 2437 Similiter
312 2391 368 2437 Geo.
377 2391 393 2437 i.
404 2403 461 2453 493.
484 2391 532 2438 Nor
541 2405 595 2436 mox
605 2390 690 2452 plenius
698 2390 725 2435 de
734 2389 775 2436 hac
784 2406 807 2436 re
817 2391 844 2437 ad
854 2393 993 2452 Lucretium,

193 2476 211 2523 i.
230 2477 287 2540 803.

225 2567 278 2614 Ver.
291 2579 305 2626 7
308 2578 346 2627 51.
368 2568 481 2615 Suavioree
490 2569 585 2614 evadunt
595 2549 682 2613 nunieri
696 2581 724 2612 ex
736 2567 776 2614 hae
786 2568 936 2615 distindtione:
954 2585 994 2616 ne·

193 2669 236 2715 que
245 2655 306 2701 enim
316 2655 416 2703 dubitant
427 2657 500 2702 Latini
512 2671 589 2702 vocem
601 2653 704 2701 ‘rursus'
714 2655 844 2717 conjungere
853 2672 907 2703 cum
917 2659 993 2705 omni·

193 2741 234 2787 bus
244 2743 269 2790 de
280 2743 321 2788 hoc
330 2759 406 2802 genere
416 2744 554 2791 diffitionibus.

225 2832 281 2877 Ver·
294 2843 349 2889 771.
371 2831 431 2878 Hinc
441 2833 527 2892 gravior
537 2842 559 2878 et
569 2831 681 2878 venustior
690 2830 717 2879 fit
727 2831 808 2878 versus.

225 2920 280 2965 Ver.
291 2918 348 2978 829.
371 2917 405 2964 Iti
420 2919 504 2968 dudum
519 2921 613 2980 legeram
628 2935 655 2964 ex
670 2915 810 2979 conjedlurdr
828 2916 859 2966 iti
874 2921 912 2968 dat
923 2921 992 2972 etiim

193 3006 260 3053 codex
271 3006 331 3053 Coll.
339 3007 390 3072 Jelu
400 3021 453 3054 cum
463 3008 539 3055 multis
549 3008 604 3053 aliis.
624 3006 735 3073 Qrorsdm
743 3005 795 3052 vern
802 3007 860 3053 locos
871 3023 992 3070 congerere,

160 3095 162 3100 '
192 3106 214 3142 et
225 3095 331 3141 librorum
341 3095 454 3141 varietates
462 3106 571 3154 excutere,
588 3094 627 3141 nisr
639 3094 741 3156 praeditus
751 3093 778 3140 [ιο
787 3111 813 3141 eo
823 3097 886 3155 gustu
897 3099 991 3160 poetico,

192 3184 229 3245 qni
241 3182 314 3230 statim
325 3183 401 3230 sentiat
411 3182 538 3242 adjunctam
548 3197 626 3230 vocem
640 3181 782 3241 ‘attigerint'
798 3183 854 3230 nihil
868 3185 926 3234 aliud
937 3187 992 3250 pati,

191 3282 214 3318 et
224 3271 288 3318 litem
298 3271 371 3318 statim
383 3270 462 3320 solvere
470 3272 480 3319 l
