2509 3875
265 268 346 340 1715⁴
519 264 794 344 AEN'Et'nou
951 281 1057 333 aare.

263 422 422 500 Euryalum
434 429 558 487 tenebrae
572 446 725 498 ramorum,
737 427 910 503 onerosaque
921 429 1026 505 praeda,

260 527 429 603 Inpediunt5
452 531 584 608 fallitque
598 532 685 591 timor
696 534 813 609 regione
824 532 946 592 viarum.

259 628 348 687 Nisus
361 632 434 689 abiu
452 630 570 709 jamque
583 635 737 712 inprudens
750 634 877 694 evaserat
888 632 983 705 hostis,
1002 697 1005 701 ,

257 732 357 807 Atque
369 732 461 806 lacua3
484 737 533 811 qui
547 737 608 813 post
621 738 705 795 Albae
718 738 755 794 de
767 736 884 793 nomine
897 736 967 793 diui
1038 768 1043 779 ι

257 832 366 891 Albani
372 859 381 904 3
404 844 467 893 tum
479 854 530 893 rex
544 838 651 895 stabula
664 838 721 895 alta
735 838 855 895 Latinus
867 837 1000 895 habebat.

256 934 301 993 Ut
314 934 398 1005 stetit,
418 947 448 995 et
461 939 561 997 frustra
574 940 721 997 absentem
733 940 856 1016 respexit
869 940 1009 999 amicum:

255 1036 388 1113 Euryale,
407 1037 511 1097 infelix
524 1041 581 1114 qud
595 1050 624 1097 te
637 1041 754 1117 regione
766 1041 885 1116 reliqui?

256 1138 359 1199 Quave
379 1138 494 1215 sequar?
522 1142 616 1199 rursus
634 1143 802 1219 perplexum
821 1143 877 1199 iter
899 1160 984 1200 omne
1006 1161 1053 1199 re-

333 1240 449 1298 volvens

254 1342 371 1401 Fallacia
384 1344 468 1413 lilvae,
488 1344 571 1403 fimul
583 1354 613 1402 et
625 1346 749 1422 vestigia
755 1356 830 1403 retro

254 1444 418 1515 Observata,
438 1447 510 1523 legit
515 1472 523 1518 3
547 1448 698 1523 dumisque
711 1447 856 1505 silentibus
868 1456 951 1505 errat.

252 1549 346 1607 Audit
359 1568 454 1626 equos,
475 1550 556 1608 audit
573 1552 712 1627 strepitus,
732 1561 762 1607 et
776 1550 854 1625 signa
867 1550 1047 1626 sequentum.
1067 1589 1071 1596 ·

253 1650 318 1709 Nee
337 1652 458 1729 longum
476 1652 508 1709 in
526 1652 622 1711 medio
642 1662 765 1729 tempus,
785 1670 875 1727 quum
889 1651 996 1709 clamor
1010 1653 1048 1709 ad

251 1790 253 1795 ·
330 1732 405 1813 auiis

252 1858 393 1929 Pervenit,
417 1877 451 1916 ac
470 1857 549 1917 videt
566 1856 737 1933 Euryalum3
763 1874 850 1931 quem
866 1853 927 1931 jam
944 1873 1048 1913 manue
1067 1892 1071 1899 ·
1171 1903 1172 1918 r

328 1961 430 2031 omnia,

232 2081 235 2088 ·
251 2063 361 2121 Fraude
373 2063 430 2122 loci
441 2071 471 2121 et
483 2063 582 2133 nodis,
603 2060 697 2118 subito
710 2061 843 2117 turbante
856 2059 992 2127 tumultu,

195 2221 198 2226 .
250 2165 432 2242 Oppressum,
450 2164 534 2240 rapit,
553 2172 584 2220 et
596 2172 747 2220 conantem
760 2160 882 2236 plurima
895 2160 1017 2223 frustra„
1034 2219 1038 2224 ,

251 2265 333 2322 Quid
346 2266 449 2324 saciat?
463 2265 519 2339 qul
530 2264 559 2321 vi
565 2263 711 2340 juvenem,
723 2263 825 2338 quibus
835 2263 939 2320 audeat
949 2261 1045 2332 armis,

249 2365 381 2442 Eripere?
403 2385 440 2422 au
453 2364 510 2422 sese
522 2365 632 2423 medios
642 2364 794 2423 moriturus
806 2363 838 2420 in
850 2363 928 2420 cnseo
1017 2386 1020 2390 ·
1036 2421 1039 2426 ,

248 2469 366 2539 Inferet,
377 2477 406 2524 et
417 2468 567 2544 pulchram
577 2478 707 2544 properet
716 2486 767 2543 per
776 2468 891 2524 volnera
901 2470 1043 2526 mortem?

248 2570 343 2630 Ocius¹
351 2571 473 2628 'addudo
485 2575 619 2646 torquens
632 2569 729 2627 hastile
742 2569 857 2637 lacerto,

248 2672 407 2750 suspiciens
420 2672 508 2730 altam
521 2674 643 2739 Lunam,
663 2671 700 2728 src
712 2689 782 2730 voce
794 2679 940 2746 precatur:

246 2777 304 2848 Tu,
316 2777 385 2846 dea,
406 2784 438 2832 tu
450 2774 570 2851 praesens
583 2773 676 2832 nostro
688 2773 819 2830 succurre
837 2771 936 2838 labori,
1029 2827 1034 2836 ,
1116 2804 1122 2812 -

247 2880 394 2938 Astrorum
408 2877 501 2946 decus,
522 2885 552 2932 et
564 2893 714 2932 nemorum
727 2872 847 2931 Latonia
861 2873 950 2930 custos
956 2897 967 2944 3

246 2981 345 3056 Siqua
359 2980 415 3038 tuin
427 2996 564 3053 umquam
577 2995 627 3054 pro
641 2995 688 3033 me
700 2983 781 3051 pater
794 2973 938 3050 Hyrtacus
949 2973 1005 3032 aris
1022 3021 1028 3030 „
1049 2991 1056 3002 ··

244 3082 330 3140 Dona
342 3082 419 3152 tulit,
439 3082 459 3138 fi
473 3095 530 3156 qua
541 3079 601 3155 ipse
615 3078 685 3136 meis
697 3075 845 3134 venatibus
858 3077 937 3146 auxi,
1026 3094 1030 3100 ·

245 3184 416 3260 suspendive
428 3183 528 3254 tholo..
536 3191 587 3240 aut
597 3177 849 3254 sacraadsasiigia
860 3178 924 3242 fixi:
1017 3197 1032 3246 ’,
