2509 3875
155 412 183 451 v.
197 402 248 464 93.
468 394 567 452 LIB.
607 394 645 450 X.

154 551 219 609 Aut
232 568 287 626 ego
300 550 356 608 tela
371 551 447 618 dedi,
467 551 563 610 fovive
576 548 722 626 Cupidine
735 547 828 606 bella?

153 655 232 711 Tum
246 654 343 711 decuit
356 655 486 712 metuiffe
500 655 569 714 tuis:
591 673 670 713 nunc
683 652 742 710 sera
755 650 877 727 querelis

152 758 242 815 Haud
250 756 332 834 justis
345 758 481 834 adsurgis,
501 770 529 816 et
542 759 631 816 inrita
639 757 736 835 jurgia
747 756 845 833 jactas.

191 862 311 919 Talibus
324 864 423 919 orabat
436 864 526 939 Jun03
548 862 701 938 cunctique
714 861 877 918 fremebant

153 965 298 1023 Coelicolae
312 966 430 1023 adsensu
443 968 535 1024 vario:
558 986 611 1025 ceu
623 966 741 1024 flamina
753 964 855 1043 prima,

152 1070 230 1126 Cum
243 1070 378 1146 deprensa
392 1071 520 1129 fremunt
534 1071 617 1139 silvis,
637 1082 665 1127 et
681 1089 756 1127 caeca
770 1068 903 1125 volutant

151 1172 313 1243 Murmura,
334 1186 469 1231 venturos
482 1176 577 1233 nautis
590 1175 741 1251 prodentia
752 1182 865 1230 ventos.

151 1272 229 1334 Tu'm
240 1287 322 1353 pater
332 1279 523 1355 omnipotens,
536 1298 633 1336 rerum
643 1277 693 1335 cui
703 1277 812 1334 summa
822 1273 952 1352 potestas,

151 1379 236 1437 Infit:
259 1400 293 1437 eo
307 1380 430 1448 dicente,
451 1384 538 1439 deum
551 1386 653 1439 domus
664 1382 722 1438 alta
735 1380 852 1449 filescit;

153 1484 192 1539 Et
207 1484 372 1541 tremefacta
384 1484 443 1541 solo
457 1486 541 1543 tellus
546 1512 555 1557 5
576 1486 639 1541 filet
652 1486 755 1541 arduus
768 1483 874 1553 aether,

152 1584 232 1639 Tum
254 1584 383 1659 Zephyri
408 1585 542 1661 posuere,
575 1585 681 1663 premit
702 1585 815 1660 placida
839 1604 953 1660 aequora

273 1695 387 1760 pontus.

194 1786 331 1862 Adcipite
353 1806 422 1865 ergo
445 1788 555 1856 animis,
579 1782 674 1864 'atque
700 1789 762 1846 haec
785 1807 849 1846 mea
872 1788 955 1865 figite

272 1889 361 1947 didio:
461 1963 464 1966 Ι

154 1993 400 2068 Quandoquidem
413 1994 556 2052 Ausonios
570 1993 708 2071 conjungi
721 1993 956 2052 foedereTeucris

153 2096 241 2152 Haud
254 2095 381 2165 licitum;
404 2117 457 2155 nec
471 2099 558 2156 vestra
571 2097 649 2174 capit
662 2097 801 2154 discordia
816 2096 919 2154 finem:

153 2200 230 2258 Qnae
240 2199 344 2276 cuique
357 2201 397 2258 est
410 2201 525 2258 fortuna
539 2201 635 2269 hodie,
649 2220 737 2276 quarn
745 2201 866 2276 quisque
878 2199 954 2258 secat

230 2303 321 2378 spem,

152 2405 233 2472 Tros,
254 2407 425 2473 Rutulusne,
446 2406 518 2476 fuat,
539 2407 619 2465 nullo
633 2406 797 2464 discrimine
811 2407 935 2465 habebor

153 2509 218 2575 Seu,
240 2509 314 2578 fatis,
335 2510 442 2567 Italdm
457 2511 544 2567 castra
560 2510 706 2568 obsidione
718 2521 864 2579 tenentur,

153 2611 218 2667 Sive
230 2630 323 2668 errore
337 2614 414 2670 malo
426 2612 529 2690 Trojae‚
551 2614 726 2689 monitisque
738 2615 864 2672 sinistris.

154 2712 220 2768 Nec
234 2713 353 2770 Rutulos
367 2713 458 2772 solvo:
480 2716 529 2772 sna
542 2717 647 2792 cuique
659 2719 757 2774 exorsa
771 2718 898 2774 laborem

153 2815 365 2890 Fortunamque
378 2817 486 2874 ferent:
507 2837 555 2875 rex
565 2819 843 2894 anpiternmnibus
854 2818 949 2874 idem:
1007 2799 1011 2808 ¹

153 2919 222 2974 Fata
236 2917 313 2974 viam
325 2917 483 2976 invenient.
523 2917 618 2996 'stygii
633 2941 685 2996 per
697 2921 818 2978 flumina
833 2919 940 2988 fratris,

153 3022 206 3078 Per
218 3017 282 3094 pice
295 3019 436 3085 torrentis,
458 3023 574 3096 atrisque
589 3023 733 3099 voragine,
753 3023 830 3098 ripas

153 3122 276 3190 Adnuit,
296 3129 325 3178 et
339 3130 432 3178 totum
447 3135 520 3180 nutu
534 3125 695 3182 tremefecit
710 3125 881 3201 Olympum.

154 3227 212 3285 Hic
226 3226 291 3283 finis
303 3226 392 3282 fandi.
435 3227 511 3282 Solio
525 3237 588 3284 tum
602 3228 736 3304 Juppiter
748 3246 834 3285 aureo

154 3328 260 3405 Surgit,
274 3329 411 3386 coelicolae
425 3329 553 3386 medium
568 3347 653 3403 quem
668 3332 704 3387 ad
719 3331 820 3388 limina
834 3333 955 3390 ducunt.

515 3620 690 3686 Α»
