2509 3875
201 334 232 377 v.
243 325 312 387 409.
497 315 550 372 LI
565 314 595 371 B.
635 312 705 374 XII.
950 312 1007 365 281

207 470 303 531 Densa
317 472 423 530 cadunt
436 450 548 529 mediis.
589 471 618 527 It
630 468 718 526 tristis
729 468 766 525 ad
783 464 888 541 athera
902 463 1010 520 clamor

209 574 373 632 Bellantum
382 572 532 650 juvenum,
547 582 577 631 et
589 574 664 629 duro
675 571 727 629 sub
738 570 834 629 Marte
844 567 1009 627 cadentum.

247 678 309 735 'Hic
322 679 429 746 Venus,
449 675 570 751 indigno
583 674 645 732 nati
656 672 786 731 concussa
800 671 907 740 dolore,

209 782 397 839 Diciamnum
410 778 540 855 genetrix
553 778 666 834 Cretaea
677 773 769 852 carpit
781 776 819 831 ab
832 773 893 839 lua,

211 884 365 943 Puben'bus
378 882 491 939 caulem
504 880 590 951 foliis,
611 891 641 937 et
653 880 724 937 flore
737 887 900 936 comantem

211 988 368 1062 Purpureo:
391 1004 449 1042 nou
462 984 511 1041 illa
526 984 593 1041 seris
605 982 753 1060 incognita
766 978 858 1057 captia

212 1088 358 1157 Gramina,
380 1106 446 1144 cum
460 1096 541 1162 tergo
555 1085 682 1143 volucres
695 1085 800 1142 haesere
813 1081 932 1159 sagittae.

144 1224 147 1229 ·
212 1194 279 1250 Hoc
292 1192 399 1260 Venus,
417 1188 536 1247 obscuro
549 1186 654 1245 faciem
667 1186 843 1244 circumdata
856 1185 965 1251 nimbo,

213 1292 329 1351 Detulit
334 1316 342 1361 ;
364 1291 430 1359 hoc,
450 1290 547 1348 fusum
559 1290 647 1348 labris
658 1287 883 1366 splendentibus,
897 1304 1014 1345 amnem

213 1394 322 1461 Inficit,
342 1394 454 1451 occulte
466 1392 625 1463 medicans;
647 1391 812 1468 spargitque
824 1388 943 1447 salubris

215 1496 374 1556 Ambrofiae
387 1496 494 1562 succos,
515 1503 544 1551 et
557 1483 728 1551 odoriferam
741 1512 906 1570 panaceam.

215 1600 298 1681 Fovit
308 1600 345 1685 eit
357 1598 458 1657 volnus
471 1595 591 1673 lympha
604 1596 751 1671 longaevus
764 1595 849 1671 Iapis,

216 1704 368 1779 Ignorans:
390 1698 542 1775 subitoque
554 1698 649 1756 omnis
661 1699 698 1755 de
710 1716 826 1774 corpore
839 1697 917 1774 sugit

218 1805 336 1881 Quippe
349 1803 429 1861 dolor
432 1826 441 1873 3
462 1800 555 1859 omnis
569 1800 646 1857 stetit
657 1800 719 1859 imo
731 1801 846 1858 volnere
858 1800 982 1876 sanguis.

217 1911 349 1988 Jamque,
369 1906 466 1966 secuta
478 1924 607 1972 manum,
630 1904 710 1964 nullo
723 1915 855 1982 cogente,
875 1902 980 1982 sagitta

219 2011 351 2082 Excidit5
374 2019 461 2086 atque
473 2027 554 2067 novae
567 2006 677 2065 rediere
689 2006 721 2065 in
734 2005 850 2084 pn'stina
862 2006 945 2065 vires.

219 2118 311 2174 Arma
324 2111 376 2172 citi
392 2119 542 2191 properate
556 2109 632 2169 viro!
655 2109 737 2167 Quid
751 2109 845 2168 statis?
866 2109 942 2187 Iapis

103 2257 106 2264 ·
219 2218 398 2284 Conclamat,
407 2215 574 2292 primusque
587 2212 698 2270 animos
710 2213 845 2271 adcendit
857 2211 889 2270 in
901 2213 1020 2273 hostem.

219 2322 290 2380 Non
303 2321 365 2378 haec
377 2316 510 2376 humanis
522 2314 633 2391 opibus,
654 2334 712 2372 non
726 2324 787 2374 arte
799 2315 942 2392 magistra,

220 2422 409 2492 Proveniunt;
430 2437 524 2496 neque
535 2429 573 2486 te,
586 2418 693 2488 Ainea,
707 2436 771 2476 mea
784 2420 900 2477 dextera
913 2420 1019 2478 servat:
1053 2438 1056 2444 ·

223 2525 317 2603 Major
329 2525 390 2601 agit
402 2524 481 2592 deus,
501 2531 587 2597 atque
599 2539 685 2596 opera
698 2523 734 2579 ad
751 2521 857 2599 majora
870 2523 1001 2581 remittit.

262 2629 324 2696 Ille,
344 2627 444 2686 avidus
456 2643 570 2702 pugnae,
591 2623 666 2682 surae
678 2624 831 2683 incluserat
844 2645 913 2683 auro

223 2733 303 2790 Hinc
323 2740 410 2806 atque
430 2731 507 2799 hinc,
526 2727 646 2804 oditque
665 2747 767 2800 moras,
790 2729 955 2805 hastamque
974 2749 1023 2788 co·

303 2835 404 2892 ruscat.

226 2940 288 2999 Post
298 2957 384 3014 quam
395 2935 499 2994 habilis
512 2933 595 2993 lateri
605 2934 714 3010 clipeus
723 2933 868 3009 loricaque
882 2943 962 3012 tergo
976 2916 1025 3009 est,

225 3042 383 3103 Ascanium
396 3039 463 3097 susis
476 3040 585 3097 circum
597 3036 788 3113 conplectitur
801 3038 895 3106 armis,

228 3149 403 3220 Summaque
415 3162 466 3221 per
478 3143 589 3218 galeam
602 3141 729 3198 delibans
742 3140 836 3198 oscula
849 3141 938 3199 satur:

227 3250 323 3322 Disce,
341 3266 421 3326 puer,
434 3247 570 3306 virtutem
583 3263 620 3304 ex
633 3262 691 3314 me,
704 3262 860 3321 verumque
871 3245 1013 3321 laborem,
