<?xml version="1.0" encoding="UTF-8"?>
<!DOCTYPE html PUBLIC "-//W3C//DTD XHTML 1.0 Transitional//EN"
    "http://www.w3.org/TR/xhtml1/DTD/xhtml1-transitional.dtd">
<html xmlns="http://www.w3.org/1999/xhtml" xml:lang="en" lang="en">
 <head>
  <title>
</title>
<meta http-equiv="Content-Type" content="text/html;charset=utf-8" />
  <meta name='ocr-system' content='tesseract 3.04.00' />
  <meta name='ocr-capabilities' content='ocr_page ocr_carea ocr_par ocr_line ocrx_word'/>
</head>
<body>
  <div class='ocr_page' id='page_1' title='image "./pvirgiliimaroni01wakegoog/pvirgiliimaroni01wakegoog_0122.png"; bbox 0 0 2509 3875; ppageno 0'>
   <div class='ocr_carea' id='block_1_1' title="bbox 274 263 1066 335">
    <p class='ocr_par' dir='ltr' id='par_1_1' title="bbox 274 263 1066 335">
     <span class='ocr_line' id='line_1_1' title="bbox 274 263 1066 335; baseline 0.005 -17"><span class='ocrx_word' id='word_1_1' title='bbox 274 264 331 320; x_wconf 85' lang='lat'>110</span> <span class='ocrx_word' id='word_1_2' title='bbox 401 282 404 289; x_wconf 57' lang='lat'><strong>⁴</strong></span> <span class='ocrx_word' id='word_1_3' title='bbox 532 263 809 335; x_wconf 87' lang='lat' dir='ltr'>AENEIDOS,</span> <span class='ocrx_word' id='word_1_4' title='bbox 959 270 1066 334; x_wconf 84' lang='lat' dir='ltr'><strong>v.278.</strong></span> 
     </span>
    </p>
   </div>
   <div class='ocr_carea' id='block_1_2' title="bbox 268 416 1065 1105">
    <p class='ocr_par' dir='ltr' id='par_1_2' title="bbox 272 416 953 496">
     <span class='ocr_line' id='line_1_2' title="bbox 272 416 953 496; baseline 0.006 -24"><span class='ocrx_word' id='word_1_5' title='bbox 272 416 370 474; x_wconf 87' lang='lat' dir='ltr'>Aurea</span> <span class='ocrx_word' id='word_1_6' title='bbox 382 416 542 493; x_wconf 71' lang='lat' dir='ltr'>pedoribus</span> <span class='ocrx_word' id='word_1_7' title='bbox 555 419 671 478; x_wconf 85' lang='lat' dir='ltr'>demissa</span> <span class='ocrx_word' id='word_1_8' title='bbox 684 419 802 478; x_wconf 88' lang='lat' dir='ltr'>monilia</span> <span class='ocrx_word' id='word_1_9' title='bbox 814 419 940 496; x_wconf 85' lang='lat' dir='ltr'>pendent</span> <span class='ocrx_word' id='word_1_10' title='bbox 944 445 953 490; x_wconf 75' lang='lat'>5</span> 
     </span>
    </p>

    <p class='ocr_par' dir='ltr' id='par_1_3' title="bbox 270 517 1065 1002">
     <span class='ocr_line' id='line_1_3' title="bbox 270 517 1065 587; baseline 0.008 -14"><span class='ocrx_word' id='word_1_11' title='bbox 270 517 355 574; x_wconf 67' lang='lat' dir='ltr'>‘rear</span> <span class='ocrx_word' id='word_1_12' title='bbox 368 537 446 587; x_wconf 88' lang='lat' dir='ltr'>auro,</span> <span class='ocrx_word' id='word_1_13' title='bbox 464 519 577 578; x_wconf 86' lang='lat' dir='ltr'>fulvum</span> <span class='ocrx_word' id='word_1_14' title='bbox 589 523 732 579; x_wconf 85' lang='lat' dir='ltr'>mandunt</span> <span class='ocrx_word' id='word_1_15' title='bbox 744 521 796 578; x_wconf 90' lang='lat' dir='ltr'>sub</span> <span class='ocrx_word' id='word_1_16' title='bbox 808 518 942 578; x_wconf 83' lang='lat' dir='ltr'>dentibus</span> <span class='ocrx_word' id='word_1_17' title='bbox 955 539 1065 579; x_wconf 87' lang='lat' dir='ltr'>aurum.</span> 
     </span>
     <span class='ocr_line' id='line_1_4' title="bbox 270 620 965 700; baseline 0.003 -22"><span class='ocrx_word' id='word_1_18' title='bbox 270 620 393 678; x_wconf 81' lang='lat' dir='ltr'>Absenti</span> <span class='ocrx_word' id='word_1_19' title='bbox 405 622 510 679; x_wconf 85' lang='lat' dir='ltr'>AEneae</span> <span class='ocrx_word' id='word_1_20' title='bbox 522 639 646 692; x_wconf 88' lang='lat' dir='ltr'>currum,</span> <span class='ocrx_word' id='word_1_21' title='bbox 667 625 851 700; x_wconf 87' lang='lat' dir='ltr'>geminosque</span> <span class='ocrx_word' id='word_1_22' title='bbox 859 623 965 700; x_wconf 88' lang='lat' dir='ltr'>jugalis</span> 
     </span>
     <span class='ocr_line' id='line_1_5' title="bbox 272 722 974 802; baseline 0.001 -23"><span class='ocrx_word' id='word_1_23' title='bbox 272 722 386 780; x_wconf 83' lang='lat' dir='ltr'>Semine</span> <span class='ocrx_word' id='word_1_24' title='bbox 397 726 434 781; x_wconf 84' lang='lat' dir='ltr'>ab</span> <span class='ocrx_word' id='word_1_25' title='bbox 446 723 574 793; x_wconf 70' lang='lat' dir='ltr'>aetherio,</span> <span class='ocrx_word' id='word_1_26' title='bbox 594 725 726 802; x_wconf 86' lang='lat' dir='ltr'>spirantis</span> <span class='ocrx_word' id='word_1_27' title='bbox 739 727 853 783; x_wconf 87' lang='lat' dir='ltr'>naribus</span> <span class='ocrx_word' id='word_1_28' title='bbox 865 724 974 802; x_wconf 86' lang='lat' dir='ltr'>ignem,</span> 
     </span>
     <span class='ocr_line' id='line_1_6' title="bbox 271 823 941 902; baseline 0.003 -22"><span class='ocrx_word' id='word_1_29' title='bbox 271 823 390 881; x_wconf 90' lang='lat' dir='ltr'>Illorum</span> <span class='ocrx_word' id='word_1_30' title='bbox 402 825 438 882; x_wconf 88' lang='lat' dir='ltr'>de</span> <span class='ocrx_word' id='word_1_31' title='bbox 451 835 545 901; x_wconf 83' lang='lat' dir='ltr'>gente,</span> <span class='ocrx_word' id='word_1_32' title='bbox 565 827 640 902; x_wconf 88' lang='lat' dir='ltr'>patri</span> <span class='ocrx_word' id='word_1_33' title='bbox 654 845 724 902; x_wconf 92' lang='lat' dir='ltr'>quos</span> <span class='ocrx_word' id='word_1_34' title='bbox 737 827 843 884; x_wconf 77' lang='lat' dir='ltr'>daedala</span> <span class='ocrx_word' id='word_1_35' title='bbox 857 827 941 888; x_wconf 84' lang='lat' dir='ltr'><strong>Circe</strong></span> 
     </span>
     <span class='ocr_line' id='line_1_7' title="bbox 270 927 920 1002; baseline 0.006 -20"><span class='ocrx_word' id='word_1_36' title='bbox 270 927 419 1002; x_wconf 71' lang='lat' dir='ltr'>Subposita</span> <span class='ocrx_word' id='word_1_37' title='bbox 432 927 468 984; x_wconf 88' lang='lat' dir='ltr'>de</span> <span class='ocrx_word' id='word_1_38' title='bbox 481 936 571 984; x_wconf 89' lang='lat' dir='ltr'>matre</span> <span class='ocrx_word' id='word_1_39' title='bbox 585 928 688 985; x_wconf 79' lang='lat' dir='ltr'>nothos</span> <span class='ocrx_word' id='word_1_40' title='bbox 700 930 794 986; x_wconf 87' lang='lat' dir='ltr'>furata</span> <span class='ocrx_word' id='word_1_41' title='bbox 807 928 920 986; x_wconf 87' lang='lat' dir='ltr'>creavit.</span> 
     </span>
    </p>

    <p class='ocr_par' dir='ltr' id='par_1_4' title="bbox 268 1027 907 1105">
     <span class='ocr_line' id='line_1_8' title="bbox 268 1027 907 1105; baseline 0.003 -21"><span class='ocrx_word' id='word_1_42' title='bbox 268 1027 388 1085; x_wconf 83' lang='lat' dir='ltr'>Talibus</span> <span class='ocrx_word' id='word_1_43' title='bbox 400 1027 541 1086; x_wconf 77' lang='lat' dir='ltr'>AEneadae</span> <span class='ocrx_word' id='word_1_44' title='bbox 554 1029 636 1086; x_wconf 88' lang='lat' dir='ltr'>donis</span> <span class='ocrx_word' id='word_1_45' title='bbox 649 1029 788 1105; x_wconf 69' lang='lat' dir='ltr'>distisque</span> <span class='ocrx_word' id='word_1_46' title='bbox 802 1029 907 1099; x_wconf 89' lang='lat' dir='ltr'>Latini,</span> 
     </span>
    </p>
   </div>
   <div class='ocr_carea' id='block_1_3' title="bbox 181 1128 1041 1207">
    <p class='ocr_par' dir='ltr' id='par_1_5' title="bbox 181 1128 1041 1207">
     <span class='ocr_line' id='line_1_9' title="bbox 181 1128 1041 1207; baseline 0.006 -22"><span class='ocrx_word' id='word_1_47' title='bbox 181 1186 185 1194; x_wconf 77' lang='grc'><strong>,</strong></span> <span class='ocrx_word' id='word_1_48' title='bbox 269 1129 410 1186; x_wconf 80' lang='lat' dir='ltr'>Sublimeo</span> <span class='ocrx_word' id='word_1_49' title='bbox 421 1128 452 1187; x_wconf 90' lang='lat' dir='ltr'>in</span> <span class='ocrx_word' id='word_1_50' title='bbox 464 1131 553 1205; x_wconf 89' lang='lat' dir='ltr'>equis,</span> <span class='ocrx_word' id='word_1_51' title='bbox 573 1132 702 1199; x_wconf 86' lang='lat' dir='ltr'>redeunt,</span> <span class='ocrx_word' id='word_1_52' title='bbox 719 1150 875 1207; x_wconf 85' lang='lat' dir='ltr'>pacemque</span> <span class='ocrx_word' id='word_1_53' title='bbox 889 1140 1041 1207; x_wconf 87' lang='lat' dir='ltr'>reportant.</span> 
     </span>
    </p>
   </div>
   <div class='ocr_carea' id='block_1_4' title="bbox 263 1232 1056 1920">
    <p class='ocr_par' dir='ltr' id='par_1_6' title="bbox 263 1232 1056 1920">
     <span class='ocr_line' id='line_1_10' title="bbox 306 1232 1023 1310; baseline 0.003 -21"><span class='ocrx_word' id='word_1_54' title='bbox 306 1232 394 1289; x_wconf 78' lang='lat' dir='ltr'>Eece!</span> <span class='ocrx_word' id='word_1_55' title='bbox 417 1241 513 1290; x_wconf 82' lang='lat' dir='ltr'>autem</span> <span class='ocrx_word' id='word_1_56' title='bbox 525 1232 650 1291; x_wconf 87' lang='lat' dir='ltr'>Inachiis</span> <span class='ocrx_word' id='word_1_57' title='bbox 662 1233 719 1290; x_wconf 88' lang='lat' dir='ltr'>sese</span> <span class='ocrx_word' id='word_1_58' title='bbox 736 1233 876 1290; x_wconf 85' lang='lat' dir='ltr'>rescrebat</span> <span class='ocrx_word' id='word_1_59' title='bbox 888 1234 924 1290; x_wconf 89' lang='lat' dir='ltr'>ab</span> <span class='ocrx_word' id='word_1_60' title='bbox 936 1235 1023 1310; x_wconf 90' lang='lat' dir='ltr'>Argis</span> 
     </span>
     <span class='ocr_line' id='line_1_11' title="bbox 268 1333 1002 1412; baseline 0 -22"><span class='ocrx_word' id='word_1_61' title='bbox 268 1335 345 1391; x_wconf 77' lang='lat' dir='ltr'>Saera</span> <span class='ocrx_word' id='word_1_62' title='bbox 358 1333 437 1412; x_wconf 81' lang='lat' dir='ltr'>Jovis</span> <span class='ocrx_word' id='word_1_63' title='bbox 448 1333 583 1410; x_wconf 84' lang='lat' dir='ltr'>conjunx,</span> <span class='ocrx_word' id='word_1_64' title='bbox 603 1354 740 1411; x_wconf 82' lang='lat' dir='ltr'>aurasque</span> <span class='ocrx_word' id='word_1_65' title='bbox 752 1335 862 1392; x_wconf 72' lang='lat' dir='ltr'>investa</span> <span class='ocrx_word' id='word_1_66' title='bbox 876 1337 1002 1392; x_wconf 85' lang='lat' dir='ltr'>tenebat:</span> 
     </span>
     <span class='ocr_line' id='line_1_12' title="bbox 266 1433 1021 1512; baseline 0.003 -20"><span class='ocrx_word' id='word_1_67' title='bbox 266 1433 305 1492; x_wconf 82' lang='lat' dir='ltr'>Et</span> <span class='ocrx_word' id='word_1_68' title='bbox 317 1435 416 1494; x_wconf 87' lang='lat' dir='ltr'>laetum</span> <span class='ocrx_word' id='word_1_69' title='bbox 429 1437 565 1505; x_wconf 87' lang='lat' dir='ltr'>AEneam,</span> <span class='ocrx_word' id='word_1_70' title='bbox 584 1436 755 1512; x_wconf 76' lang='lat' dir='ltr'>classemque</span> <span class='ocrx_word' id='word_1_71' title='bbox 767 1455 803 1492; x_wconf 81' lang='lat' dir='ltr'>ex</span> <span class='ocrx_word' id='word_1_72' title='bbox 816 1436 921 1493; x_wconf 81' lang='lat' dir='ltr'>aethere</span> <span class='ocrx_word' id='word_1_73' title='bbox 934 1437 1021 1512; x_wconf 87' lang='lat' dir='ltr'>longo</span> 
     </span>
     <span class='ocr_line' id='line_1_13' title="bbox 266 1520 1012 1614; baseline 0 -20"><span class='ocrx_word' id='word_1_74' title='bbox 266 1537 442 1594; x_wconf 82' lang='lat' dir='ltr'>Dardaniam</span> <span class='ocrx_word' id='word_1_75' title='bbox 455 1520 548 1595; x_wconf 87' lang='lat' dir='ltr'>Siculo</span> <span class='ocrx_word' id='word_1_76' title='bbox 561 1537 706 1614; x_wconf 84' lang='lat' dir='ltr'>prospexit</span> <span class='ocrx_word' id='word_1_77' title='bbox 719 1539 857 1613; x_wconf 89' lang='lat' dir='ltr'>abusque</span> <span class='ocrx_word' id='word_1_78' title='bbox 870 1538 1012 1614; x_wconf 83' lang='lat' dir='ltr'>Pachyno.</span> 
     </span>
     <span class='ocr_line' id='line_1_14' title="bbox 265 1638 909 1716; baseline 0.002 -21"><span class='ocrx_word' id='word_1_79' title='bbox 265 1639 367 1696; x_wconf 89' lang='lat' dir='ltr'>Moliri</span> <span class='ocrx_word' id='word_1_80' title='bbox 375 1638 436 1715; x_wconf 88' lang='lat' dir='ltr'>jam</span> <span class='ocrx_word' id='word_1_81' title='bbox 449 1641 522 1698; x_wconf 71' lang='lat' dir='ltr'>testa</span> <span class='ocrx_word' id='word_1_82' title='bbox 534 1640 622 1708; x_wconf 83' lang='lat' dir='ltr'>videt,</span> <span class='ocrx_word' id='word_1_83' title='bbox 638 1639 700 1716; x_wconf 86' lang='lat' dir='ltr'>jam</span> <span class='ocrx_word' id='word_1_84' title='bbox 713 1640 800 1696; x_wconf 87' lang='lat' dir='ltr'>fidere</span> <span class='ocrx_word' id='word_1_85' title='bbox 814 1650 909 1710; x_wconf 79' lang='lat' dir='ltr'>terrae5</span> 
     </span>
     <span class='ocr_line' id='line_1_15' title="bbox 265 1740 910 1811; baseline 0 -13"><span class='ocrx_word' id='word_1_86' title='bbox 265 1740 425 1799; x_wconf 88' lang='lat' dir='ltr'>Deseruiffe</span> <span class='ocrx_word' id='word_1_87' title='bbox 437 1751 520 1801; x_wconf 86' lang='lat' dir='ltr'>rates.</span> <span class='ocrx_word' id='word_1_88' title='bbox 560 1743 646 1799; x_wconf 86' lang='lat' dir='ltr'>Stetit</span> <span class='ocrx_word' id='word_1_89' title='bbox 659 1742 715 1799; x_wconf 85' lang='lat' dir='ltr'>aeri</span> <span class='ocrx_word' id='word_1_90' title='bbox 729 1741 787 1800; x_wconf 84' lang='lat' dir='ltr'>fixa</span> <span class='ocrx_word' id='word_1_91' title='bbox 800 1741 910 1811; x_wconf 83' lang='lat' dir='ltr'>dolore;</span> 
     </span>
     <span class='ocr_line' id='line_1_16' title="bbox 263 1842 1056 1920; baseline 0.001 -19"><span class='ocrx_word' id='word_1_92' title='bbox 263 1843 352 1914; x_wconf 86' lang='lat' dir='ltr'>Tum,</span> <span class='ocrx_word' id='word_1_93' title='bbox 372 1843 501 1919; x_wconf 77' lang='lat' dir='ltr'>quassans</span> <span class='ocrx_word' id='word_1_94' title='bbox 513 1854 609 1920; x_wconf 89' lang='lat' dir='ltr'>caput,</span> <span class='ocrx_word' id='word_1_95' title='bbox 628 1844 691 1902; x_wconf 82' lang='lat' dir='ltr'>haec</span> <span class='ocrx_word' id='word_1_96' title='bbox 709 1842 832 1900; x_wconf 87' lang='lat' dir='ltr'>effundit</span> <span class='ocrx_word' id='word_1_97' title='bbox 843 1845 955 1920; x_wconf 72' lang='lat' dir='ltr'>pestore</span> <span class='ocrx_word' id='word_1_98' title='bbox 967 1845 1056 1904; x_wconf 67' lang='lat' dir='ltr'>dista:</span> 
     </span>
    </p>
   </div>
   <div class='ocr_carea' id='block_1_5' title="bbox 211 1946 1055 2634">
    <p class='ocr_par' dir='ltr' id='par_1_7' title="bbox 260 1946 1027 2227">
     <span class='ocr_line' id='line_1_17' title="bbox 263 1946 1027 2023; baseline 0.001 -19"><span class='ocrx_word' id='word_1_99' title='bbox 263 1947 332 2004; x_wconf 88' lang='lat' dir='ltr'>Heu</span> <span class='ocrx_word' id='word_1_100' title='bbox 345 1946 459 2023; x_wconf 82' lang='lat' dir='ltr'>stirpem</span> <span class='ocrx_word' id='word_1_101' title='bbox 472 1946 605 2005; x_wconf 78' lang='lat' dir='ltr'>invisam!</span> <span class='ocrx_word' id='word_1_102' title='bbox 628 1957 668 2016; x_wconf 89' lang='lat' dir='ltr'>et,</span> <span class='ocrx_word' id='word_1_103' title='bbox 688 1946 754 2003; x_wconf 86' lang='lat' dir='ltr'>satis</span> <span class='ocrx_word' id='word_1_104' title='bbox 766 1947 906 2003; x_wconf 86' lang='lat' dir='ltr'>contraria</span> <span class='ocrx_word' id='word_1_105' title='bbox 919 1948 1027 2018; x_wconf 82' lang='lat' dir='ltr'>nostris,</span> 
     </span>
     <span class='ocr_line' id='line_1_18' title="bbox 261 2048 1010 2126; baseline 0.003 -20"><span class='ocrx_word' id='word_1_106' title='bbox 261 2049 331 2107; x_wconf 86' lang='lat' dir='ltr'>Fata</span> <span class='ocrx_word' id='word_1_107' title='bbox 346 2050 504 2126; x_wconf 84' lang='lat' dir='ltr'>Phrygum!</span> <span class='ocrx_word' id='word_1_108' title='bbox 527 2068 598 2107; x_wconf 89' lang='lat' dir='ltr'>num</span> <span class='ocrx_word' id='word_1_109' title='bbox 611 2048 701 2124; x_wconf 85' lang='lat' dir='ltr'>Sigeis</span> <span class='ocrx_word' id='word_1_110' title='bbox 714 2051 881 2105; x_wconf 86' lang='lat' dir='ltr'>occumbere</span> <span class='ocrx_word' id='word_1_111' title='bbox 893 2050 1010 2126; x_wconf 86' lang='lat' dir='ltr'>campis,</span> 
     </span>
     <span class='ocr_line' id='line_1_19' title="bbox 260 2150 1024 2227; baseline 0.003 -20"><span class='ocrx_word' id='word_1_112' title='bbox 260 2150 344 2208; x_wconf 91' lang='lat' dir='ltr'>Num</span> <span class='ocrx_word' id='word_1_113' title='bbox 357 2152 433 2227; x_wconf 89' lang='lat' dir='ltr'>capti</span> <span class='ocrx_word' id='word_1_114' title='bbox 446 2160 564 2227; x_wconf 91' lang='lat' dir='ltr'>potuere</span> <span class='ocrx_word' id='word_1_115' title='bbox 576 2151 656 2226; x_wconf 84' lang='lat' dir='ltr'>capi?</span> <span class='ocrx_word' id='word_1_116' title='bbox 678 2168 749 2207; x_wconf 88' lang='lat' dir='ltr'>uum</span> <span class='ocrx_word' id='word_1_117' title='bbox 761 2150 875 2207; x_wconf 88' lang='lat' dir='ltr'>incensa</span> <span class='ocrx_word' id='word_1_118' title='bbox 888 2151 1024 2209; x_wconf 88' lang='lat' dir='ltr'>cremavit</span> 
     </span>
    </p>

    <p class='ocr_par' dir='ltr' id='par_1_8' title="bbox 211 2242 1055 2530">
     <span class='ocr_line' id='line_1_20' title="bbox 211 2242 997 2328; baseline 0.003 -20"><span class='ocrx_word' id='word_1_119' title='bbox 211 2242 220 2257; x_wconf 73' lang='lat'><em>&#39;</em></span> <span class='ocrx_word' id='word_1_120' title='bbox 259 2250 345 2327; x_wconf 90' lang='lat' dir='ltr'>Troja</span> <span class='ocrx_word' id='word_1_121' title='bbox 357 2252 448 2309; x_wconf 88' lang='lat' dir='ltr'>viros?</span> <span class='ocrx_word' id='word_1_122' title='bbox 469 2251 576 2309; x_wconf 84' lang='lat' dir='ltr'>medias</span> <span class='ocrx_word' id='word_1_123' title='bbox 588 2252 662 2309; x_wconf 89' lang='lat' dir='ltr'>acies</span> <span class='ocrx_word' id='word_1_124' title='bbox 675 2252 839 2327; x_wconf 88' lang='lat' dir='ltr'>mediosque</span> <span class='ocrx_word' id='word_1_125' title='bbox 852 2270 903 2327; x_wconf 88' lang='lat' dir='ltr'>per</span> <span class='ocrx_word' id='word_1_126' title='bbox 915 2252 997 2328; x_wconf 86' lang='lat' dir='ltr'>ignes</span> 
     </span>
     <span class='ocr_line' id='line_1_21' title="bbox 259 2354 1055 2422; baseline 0.003 -11"><span class='ocrx_word' id='word_1_127' title='bbox 259 2354 399 2411; x_wconf 85' lang='lat' dir='ltr'>Invenere</span> <span class='ocrx_word' id='word_1_128' title='bbox 411 2354 494 2410; x_wconf 86' lang='lat' dir='ltr'>viam.</span> <span class='ocrx_word' id='word_1_129' title='bbox 536 2355 588 2421; x_wconf 88' lang='lat' dir='ltr'>At,</span> <span class='ocrx_word' id='word_1_130' title='bbox 607 2354 700 2422; x_wconf 90' lang='lat' dir='ltr'>credo,</span> <span class='ocrx_word' id='word_1_131' title='bbox 719 2372 783 2411; x_wconf 89' lang='lat' dir='ltr'>mea</span> <span class='ocrx_word' id='word_1_132' title='bbox 802 2355 922 2412; x_wconf 90' lang='lat' dir='ltr'>numina</span> <span class='ocrx_word' id='word_1_133' title='bbox 939 2356 1055 2413; x_wconf 82' lang='lat' dir='ltr'>taudem</span> 
     </span>
     <span class='ocr_line' id='line_1_22' title="bbox 259 2454 901 2530; baseline 0 -18"><span class='ocrx_word' id='word_1_134' title='bbox 259 2455 337 2513; x_wconf 79' lang='lat' dir='ltr'>Feffa</span> <span class='ocrx_word' id='word_1_135' title='bbox 345 2454 451 2530; x_wconf 88' lang='lat' dir='ltr'>jacent,</span> <span class='ocrx_word' id='word_1_136' title='bbox 471 2454 544 2511; x_wconf 87' lang='lat' dir='ltr'>odiis</span> <span class='ocrx_word' id='word_1_137' title='bbox 556 2464 607 2512; x_wconf 89' lang='lat' dir='ltr'>aut</span> <span class='ocrx_word' id='word_1_138' title='bbox 619 2455 779 2512; x_wconf 86' lang='lat' dir='ltr'>exsaturata</span> <span class='ocrx_word' id='word_1_139' title='bbox 792 2455 901 2530; x_wconf 73' lang='lat' dir='ltr'>quievit</span> 
     </span>
    </p>

    <p class='ocr_par' dir='ltr' id='par_1_9' title="bbox 259 2555 996 2634">
     <span class='ocr_line' id='line_1_23' title="bbox 259 2555 996 2634; baseline 0.001 -19"><span class='ocrx_word' id='word_1_140' title='bbox 259 2556 341 2615; x_wconf 78' lang='lat' dir='ltr'>Quin</span> <span class='ocrx_word' id='word_1_141' title='bbox 354 2557 450 2626; x_wconf 86' lang='lat' dir='ltr'>etiam,</span> <span class='ocrx_word' id='word_1_142' title='bbox 470 2556 562 2632; x_wconf 74' lang='lat' dir='ltr'>patria&#39;t</span> <span class='ocrx_word' id='word_1_143' title='bbox 575 2555 710 2625; x_wconf 81' lang='lat' dir='ltr'>excussos,</span> <span class='ocrx_word' id='word_1_144' title='bbox 730 2556 831 2614; x_wconf 86' lang='lat' dir='ltr'>infesta</span> <span class='ocrx_word' id='word_1_145' title='bbox 843 2576 894 2634; x_wconf 90' lang='lat' dir='ltr'>per</span> <span class='ocrx_word' id='word_1_146' title='bbox 906 2558 996 2616; x_wconf 89' lang='lat' dir='ltr'>undas</span> 
     </span>
    </p>
   </div>
   <div class='ocr_carea' id='block_1_6' title="bbox 251 2659 1051 3247">
    <p class='ocr_par' dir='ltr' id='par_1_10' title="bbox 251 2659 1051 3247">
     <span class='ocr_line' id='line_1_24' title="bbox 257 2659 1031 2737; baseline 0.001 -19"><span class='ocrx_word' id='word_1_147' title='bbox 257 2659 336 2719; x_wconf 89' lang='lat' dir='ltr'>Ausa</span> <span class='ocrx_word' id='word_1_148' title='bbox 350 2659 438 2735; x_wconf 88' lang='lat' dir='ltr'>sequi,</span> <span class='ocrx_word' id='word_1_149' title='bbox 459 2668 489 2716; x_wconf 89' lang='lat' dir='ltr'>et</span> <span class='ocrx_word' id='word_1_150' title='bbox 501 2659 630 2735; x_wconf 86' lang='lat' dir='ltr'>profugis</span> <span class='ocrx_word' id='word_1_151' title='bbox 644 2668 704 2716; x_wconf 93' lang='lat' dir='ltr'>toto</span> <span class='ocrx_word' id='word_1_152' title='bbox 717 2678 764 2716; x_wconf 89' lang='lat' dir='ltr'>me</span> <span class='ocrx_word' id='word_1_153' title='bbox 779 2678 920 2736; x_wconf 89' lang='lat' dir='ltr'>opponere</span> <span class='ocrx_word' id='word_1_154' title='bbox 932 2670 1031 2737; x_wconf 90' lang='lat' dir='ltr'>ponto.</span> 
     </span>
     <span class='ocr_line' id='line_1_25' title="bbox 255 2761 985 2838; baseline 0 -17"><span class='ocrx_word' id='word_1_155' title='bbox 255 2762 406 2821; x_wconf 83' lang='lat' dir='ltr'>Absumtae</span> <span class='ocrx_word' id='word_1_156' title='bbox 418 2761 449 2817; x_wconf 92' lang='lat' dir='ltr'>in</span> <span class='ocrx_word' id='word_1_157' title='bbox 461 2762 586 2818; x_wconf 89' lang='lat' dir='ltr'>Teucros</span> <span class='ocrx_word' id='word_1_158' title='bbox 599 2761 672 2817; x_wconf 87' lang='lat' dir='ltr'>vires</span> <span class='ocrx_word' id='word_1_159' title='bbox 685 2761 815 2836; x_wconf 87' lang='lat' dir='ltr'>coelique,</span> <span class='ocrx_word' id='word_1_160' title='bbox 835 2763 985 2838; x_wconf 81' lang='lat' dir='ltr'>marisque.</span> 
     </span>
     <span class='ocr_line' id='line_1_26' title="bbox 256 2862 1051 2942; baseline 0 -19"><span class='ocrx_word' id='word_1_161' title='bbox 256 2866 339 2923; x_wconf 74' lang='lat' dir='ltr'>Quid</span> <span class='ocrx_word' id='word_1_162' title='bbox 350 2865 453 2941; x_wconf 83' lang='lat' dir='ltr'>Syrtes,</span> <span class='ocrx_word' id='word_1_163' title='bbox 466 2872 516 2920; x_wconf 88' lang='lat' dir='ltr'>aut</span> <span class='ocrx_word' id='word_1_164' title='bbox 526 2862 619 2938; x_wconf 86' lang='lat' dir='ltr'>Scylla</span> <span class='ocrx_word' id='word_1_165' title='bbox 632 2862 714 2931; x_wconf 85' lang='lat' dir='ltr'>mihi,</span> <span class='ocrx_word' id='word_1_166' title='bbox 728 2863 798 2937; x_wconf 93' lang='lat' dir='ltr'>quid</span> <span class='ocrx_word' id='word_1_167' title='bbox 809 2866 883 2921; x_wconf 88' lang='lat' dir='ltr'>vasta</span> <span class='ocrx_word' id='word_1_168' title='bbox 892 2864 1051 2942; x_wconf 89' lang='lat' dir='ltr'>Charybdis</span> 
     </span>
     <span class='ocr_line' id='line_1_27' title="bbox 254 2965 947 3045; baseline -0.004 -18"><span class='ocrx_word' id='word_1_169' title='bbox 254 2970 381 3027; x_wconf 85' lang='lat' dir='ltr'>Profuit?</span> <span class='ocrx_word' id='word_1_170' title='bbox 403 2976 502 3045; x_wconf 89' lang='lat' dir='ltr'>optato</span> <span class='ocrx_word' id='word_1_171' title='bbox 514 2966 677 3023; x_wconf 89' lang='lat' dir='ltr'>conduntur</span> <span class='ocrx_word' id='word_1_172' title='bbox 689 2965 845 3040; x_wconf 86' lang='lat' dir='ltr'>Thybridis</span> <span class='ocrx_word' id='word_1_173' title='bbox 858 2967 947 3034; x_wconf 88' lang='lat' dir='ltr'>alveo,</span> 
     </span>
     <span class='ocr_line' id='line_1_28' title="bbox 253 3066 1029 3148; baseline 0 -21"><span class='ocrx_word' id='word_1_174' title='bbox 253 3071 350 3127; x_wconf 85' lang='lat' dir='ltr'>Securi</span> <span class='ocrx_word' id='word_1_175' title='bbox 362 3070 467 3148; x_wconf 84' lang='lat' dir='ltr'>pelagi,</span> <span class='ocrx_word' id='word_1_176' title='bbox 486 3077 573 3143; x_wconf 90' lang='lat' dir='ltr'>atque</span> <span class='ocrx_word' id='word_1_177' title='bbox 586 3066 653 3125; x_wconf 91' lang='lat' dir='ltr'>mei.</span> <span class='ocrx_word' id='word_1_178' title='bbox 692 3068 771 3123; x_wconf 88' lang='lat' dir='ltr'>Mars</span> <span class='ocrx_word' id='word_1_179' title='bbox 783 3069 900 3143; x_wconf 87' lang='lat' dir='ltr'>perdere</span> <span class='ocrx_word' id='word_1_180' title='bbox 913 3081 1029 3145; x_wconf 89' lang='lat' dir='ltr'>gentem</span> 
     </span>
     <span class='ocr_line' id='line_1_29' title="bbox 251 3167 964 3247; baseline -0.007 -15"><span class='ocrx_word' id='word_1_181' title='bbox 251 3172 404 3232; x_wconf 77' lang='lat' dir='ltr'>Iomanem</span> <span class='ocrx_word' id='word_1_182' title='bbox 418 3170 574 3247; x_wconf 88' lang='lat' dir='ltr'>Lapithum</span> <span class='ocrx_word' id='word_1_183' title='bbox 588 3167 695 3226; x_wconf 86' lang='lat' dir='ltr'>valuit:</span> <span class='ocrx_word' id='word_1_184' title='bbox 718 3168 852 3225; x_wconf 85' lang='lat' dir='ltr'>conceffit</span> <span class='ocrx_word' id='word_1_185' title='bbox 865 3168 895 3225; x_wconf 89' lang='lat' dir='ltr'>in</span> <span class='ocrx_word' id='word_1_186' title='bbox 909 3170 964 3227; x_wconf 81' lang='lat' dir='ltr'>iras</span> 
     </span>
    </p>
   </div>
   <div class='ocr_carea' id='block_1_7' title="bbox 0 0 1260 3875">
    <p class='ocr_par' dir='ltr' id='par_1_11' title="bbox 0 0 1260 3875">
     <span class='ocr_line' id='line_1_30' title="bbox 0 0 1260 3875; baseline 0 8"><span class='ocrx_word' id='word_1_187' title='bbox 0 0 1260 3875; x_wconf 95' lang='lat' dir='ltr'> </span> 
     </span>
    </p>
   </div>
  </div>
 </body>
</html>
