<?xml version="1.0" encoding="UTF-8"?>
<!DOCTYPE html PUBLIC "-//W3C//DTD XHTML 1.0 Transitional//EN"
    "http://www.w3.org/TR/xhtml1/DTD/xhtml1-transitional.dtd">
<html xmlns="http://www.w3.org/1999/xhtml" xml:lang="en" lang="en">
 <head>
  <title>
</title>
<meta http-equiv="Content-Type" content="text/html;charset=utf-8" />
  <meta name='ocr-system' content='tesseract 3.04.00' />
  <meta name='ocr-capabilities' content='ocr_page ocr_carea ocr_par ocr_line ocrx_word'/>
</head>
<body>
  <div class='ocr_page' id='page_1' title='image "./pvirgiliimaroni01wakegoog/pvirgiliimaroni01wakegoog_0186.png"; bbox 0 0 2509 3875; ppageno 0'>
   <div class='ocr_carea' id='block_1_1' title="bbox 244 292 1049 364">
    <p class='ocr_par' dir='ltr' id='par_1_1' title="bbox 244 292 1049 364">
     <span class='ocr_line' id='line_1_1' title="bbox 244 292 1049 364; baseline 0.004 -15"><span class='ocrx_word' id='word_1_1' title='bbox 244 296 309 364; x_wconf 56' lang='lat'>&#39;17⁴</span> <span class='ocrx_word' id='word_1_2' title='bbox 506 292 783 362; x_wconf 68' lang='lat' dir='ltr'>muamus,</span> <span class='ocrx_word' id='word_1_3' title='bbox 934 299 1049 355; x_wconf 63' lang='lat' dir='ltr'>naar.</span> 
     </span>
    </p>
   </div>
   <div class='ocr_carea' id='block_1_2' title="bbox 230 444 1077 3181">
    <p class='ocr_par' dir='ltr' id='par_1_2' title="bbox 230 444 1077 3181">
     <span class='ocr_line' id='line_1_2' title="bbox 248 444 1046 525; baseline 0.004 -18"><span class='ocrx_word' id='word_1_4' title='bbox 248 446 346 517; x_wconf 84' lang='lat' dir='ltr'>Terra,</span> <span class='ocrx_word' id='word_1_5' title='bbox 365 444 477 525; x_wconf 85' lang='lat' dir='ltr'>torique</span> <span class='ocrx_word' id='word_1_6' title='bbox 494 450 620 509; x_wconf 84' lang='lat' dir='ltr'>madent.</span> <span class='ocrx_word' id='word_1_7' title='bbox 659 450 726 509; x_wconf 87' lang='lat' dir='ltr'>Nec</span> <span class='ocrx_word' id='word_1_8' title='bbox 742 466 802 507; x_wconf 86' lang='lat' dir='ltr'>non</span> <span class='ocrx_word' id='word_1_9' title='bbox 820 448 1046 525; x_wconf 75' lang='lat' dir='ltr'>Iamymmque,</span> 
     </span>
     <span class='ocr_line' id='line_1_3' title="bbox 230 552 515 631; baseline 0 -22"><span class='ocrx_word' id='word_1_10' title='bbox 230 620 234 631; x_wconf 36' lang='grc' dir='ltr'><strong><em>Ι</em></strong></span> <span class='ocrx_word' id='word_1_11' title='bbox 328 552 515 627; x_wconf 82' lang='lat' dir='ltr'>Lamumque,</span> 
     </span>
     <span class='ocr_line' id='line_1_4' title="bbox 248 648 1031 731; baseline -0.004 -18"><span class='ocrx_word' id='word_1_12' title='bbox 248 648 287 713; x_wconf 80' lang='lat' dir='ltr'>Et</span> <span class='ocrx_word' id='word_1_13' title='bbox 295 652 432 731; x_wconf 80' lang='lat' dir='ltr'>juvenem</span> <span class='ocrx_word' id='word_1_14' title='bbox 446 656 606 724; x_wconf 87' lang='lat' dir='ltr'>Sarranum,</span> <span class='ocrx_word' id='word_1_15' title='bbox 625 655 676 713; x_wconf 78' lang='lat' dir='ltr'>inl</span> <span class='ocrx_word' id='word_1_16' title='bbox 688 654 740 731; x_wconf 92' lang='lat' dir='ltr'>qui</span> <span class='ocrx_word' id='word_1_17' title='bbox 753 652 876 731; x_wconf 84' lang='lat' dir='ltr'>plurima</span> <span class='ocrx_word' id='word_1_18' title='bbox 889 653 972 711; x_wconf 74' lang='lat' dir='ltr'>noue</span> <span class='ocrx_word' id='word_1_19' title='bbox 1025 670 1031 677; x_wconf 87' lang='lat'><em>·</em></span> 
     </span>
     <span class='ocr_line' id='line_1_5' title="bbox 250 754 1031 835; baseline -0.004 -20"><span class='ocrx_word' id='word_1_20' title='bbox 250 754 376 827; x_wconf 82' lang='lat' dir='ltr'>Luserat,</span> <span class='ocrx_word' id='word_1_21' title='bbox 397 756 515 835; x_wconf 76' lang='lat' dir='ltr'>infignia</span> <span class='ocrx_word' id='word_1_22' title='bbox 528 758 611 828; x_wconf 84' lang='lat' dir='ltr'>facie,</span> <span class='ocrx_word' id='word_1_23' title='bbox 632 756 782 832; x_wconf 86' lang='lat' dir='ltr'>multoque</span> <span class='ocrx_word' id='word_1_24' title='bbox 790 754 906 832; x_wconf 78' lang='lat' dir='ltr'>jacebat</span> <span class='ocrx_word' id='word_1_25' title='bbox 1017 788 1031 823; x_wconf 90' lang='lat'>·.</span> 
     </span>
     <span class='ocr_line' id='line_1_6' title="bbox 249 856 955 934; baseline 0.003 -19"><span class='ocrx_word' id='word_1_26' title='bbox 249 856 382 917; x_wconf 85' lang='lat' dir='ltr'>Membra</span> <span class='ocrx_word' id='word_1_27' title='bbox 394 860 447 917; x_wconf 88' lang='lat' dir='ltr'>deo</span> <span class='ocrx_word' id='word_1_28' title='bbox 461 860 567 917; x_wconf 68' lang='lat' dir='ltr'>villus:</span> <span class='ocrx_word' id='word_1_29' title='bbox 588 859 670 928; x_wconf 81' lang='lat' dir='ltr'>felix,</span> <span class='ocrx_word' id='word_1_30' title='bbox 690 859 859 934; x_wconf 79' lang='lat' dir='ltr'>fiprotenus</span> <span class='ocrx_word' id='word_1_31' title='bbox 870 858 955 917; x_wconf 90' lang='lat' dir='ltr'>illum</span> 
     </span>
     <span class='ocr_line' id='line_1_7' title="bbox 247 958 1029 1036; baseline -0.001 -14"><span class='ocrx_word' id='word_1_32' title='bbox 247 960 398 1036; x_wconf 79' lang='lat' dir='ltr'>AEquaffet</span> <span class='ocrx_word' id='word_1_33' title='bbox 411 962 489 1021; x_wconf 76' lang='lat' dir='ltr'>noeti</span> <span class='ocrx_word' id='word_1_34' title='bbox 501 963 611 1030; x_wconf 89' lang='lat' dir='ltr'>ludum,</span> <span class='ocrx_word' id='word_1_35' title='bbox 632 961 664 1021; x_wconf 92' lang='lat' dir='ltr'>in</span> <span class='ocrx_word' id='word_1_36' title='bbox 676 961 829 1035; x_wconf 87' lang='lat' dir='ltr'>lucemque</span> <span class='ocrx_word' id='word_1_37' title='bbox 841 958 956 1019; x_wconf 78' lang='lat' dir='ltr'>tulisset.</span> <span class='ocrx_word' id='word_1_38' title='bbox 1020 1009 1029 1021; x_wconf 68' lang='grc'><strong><em>,</em></strong></span> 
     </span>
     <span class='ocr_line' id='line_1_8' title="bbox 288 1062 944 1140; baseline 0 -21"><span class='ocrx_word' id='word_1_39' title='bbox 288 1062 416 1138; x_wconf 78' lang='lat' dir='ltr'>Inpastus</span> <span class='ocrx_word' id='word_1_40' title='bbox 428 1082 481 1119; x_wconf 91' lang='lat' dir='ltr'>ceu</span> <span class='ocrx_word' id='word_1_41' title='bbox 494 1064 579 1139; x_wconf 84' lang='lat' dir='ltr'>plena</span> <span class='ocrx_word' id='word_1_42' title='bbox 592 1064 637 1121; x_wconf 86' lang='lat' dir='ltr'>leo</span> <span class='ocrx_word' id='word_1_43' title='bbox 650 1080 701 1140; x_wconf 87' lang='lat' dir='ltr'>per</span> <span class='ocrx_word' id='word_1_44' title='bbox 713 1062 801 1122; x_wconf 78' lang='lat' dir='ltr'>ovilia</span> <span class='ocrx_word' id='word_1_45' title='bbox 813 1063 944 1132; x_wconf 76' lang='lat' dir='ltr'>turbam3</span> 
     </span>
     <span class='ocr_line' id='line_1_9' title="bbox 248 1162 1033 1241; baseline 0 -18"><span class='ocrx_word' id='word_1_46' title='bbox 248 1164 353 1223; x_wconf 82' lang='lat' dir='ltr'>Suadet</span> <span class='ocrx_word' id='word_1_47' title='bbox 362 1164 441 1221; x_wconf 89' lang='lat' dir='ltr'>enim</span> <span class='ocrx_word' id='word_1_48' title='bbox 453 1164 555 1223; x_wconf 80' lang='lat' dir='ltr'>vesana</span> <span class='ocrx_word' id='word_1_49' title='bbox 568 1165 673 1235; x_wconf 72' lang='lat' dir='ltr'>samen,</span> <span class='ocrx_word' id='word_1_50' title='bbox 692 1164 873 1240; x_wconf 83' lang='lat' dir='ltr'>manditque,</span> <span class='ocrx_word' id='word_1_51' title='bbox 885 1162 1033 1241; x_wconf 76' lang='lat' dir='ltr'>trahitque</span> 
     </span>
     <span class='ocr_line' id='line_1_10' title="bbox 247 1265 1042 1343; baseline -0.003 -18"><span class='ocrx_word' id='word_1_52' title='bbox 247 1266 340 1325; x_wconf 89' lang='lat' dir='ltr'>Molle</span> <span class='ocrx_word' id='word_1_53' title='bbox 349 1284 444 1343; x_wconf 87' lang='lat' dir='ltr'>pecus,</span> <span class='ocrx_word' id='word_1_54' title='bbox 452 1276 622 1342; x_wconf 88' lang='lat' dir='ltr'>mutumque</span> <span class='ocrx_word' id='word_1_55' title='bbox 631 1276 727 1338; x_wconf 70' lang='lat' dir='ltr'>metm</span> <span class='ocrx_word' id='word_1_56' title='bbox 745 1265 844 1325; x_wconf 82' lang='lat' dir='ltr'>fremit</span> <span class='ocrx_word' id='word_1_57' title='bbox 852 1284 901 1323; x_wconf 91' lang='lat' dir='ltr'>ore</span> <span class='ocrx_word' id='word_1_58' title='bbox 909 1277 1042 1325; x_wconf 89' lang='lat' dir='ltr'>cruento:</span> 
     </span>
     <span class='ocr_line' id='line_1_11' title="bbox 248 1367 934 1444; baseline -0.001 -17"><span class='ocrx_word' id='word_1_59' title='bbox 248 1368 313 1427; x_wconf 93' lang='lat' dir='ltr'>Nec</span> <span class='ocrx_word' id='word_1_60' title='bbox 326 1368 420 1427; x_wconf 87' lang='lat' dir='ltr'>minor</span> <span class='ocrx_word' id='word_1_61' title='bbox 433 1368 550 1444; x_wconf 83' lang='lat' dir='ltr'>Euryali</span> <span class='ocrx_word' id='word_1_62' title='bbox 563 1368 668 1440; x_wconf 79' lang='lat' dir='ltr'>eredee3</span> <span class='ocrx_word' id='word_1_63' title='bbox 688 1367 820 1427; x_wconf 81' lang='lat' dir='ltr'>ineensun</span> <span class='ocrx_word' id='word_1_64' title='bbox 832 1367 934 1444; x_wconf 81' lang='lat' dir='ltr'>etipse</span> 
     </span>
     <span class='ocr_line' id='line_1_12' title="bbox 248 1468 1045 1545; baseline 0 -18"><span class='ocrx_word' id='word_1_65' title='bbox 248 1468 386 1539; x_wconf 79' lang='lat' dir='ltr'>Perfunt3</span> <span class='ocrx_word' id='word_1_66' title='bbox 401 1488 434 1527; x_wconf 87' lang='lat' dir='ltr'>ac</span> <span class='ocrx_word' id='word_1_67' title='bbox 443 1469 565 1528; x_wconf 84' lang='lat' dir='ltr'>multam</span> <span class='ocrx_word' id='word_1_68' title='bbox 576 1470 608 1527; x_wconf 89' lang='lat' dir='ltr'>in</span> <span class='ocrx_word' id='word_1_69' title='bbox 618 1470 713 1527; x_wconf 83' lang='lat' dir='ltr'>medio</span> <span class='ocrx_word' id='word_1_70' title='bbox 723 1469 782 1527; x_wconf 86' lang='lat' dir='ltr'>fine</span> <span class='ocrx_word' id='word_1_71' title='bbox 792 1469 910 1527; x_wconf 92' lang='lat' dir='ltr'>nomine</span> <span class='ocrx_word' id='word_1_72' title='bbox 920 1470 1045 1545; x_wconf 85' lang='lat' dir='ltr'>plebem,</span> 
     </span>
     <span class='ocr_line' id='line_1_13' title="bbox 248 1570 1045 1647; baseline 0.001 -18"><span class='ocrx_word' id='word_1_73' title='bbox 248 1570 424 1647; x_wconf 86' lang='lat' dir='ltr'>Fadumque,</span> <span class='ocrx_word' id='word_1_74' title='bbox 433 1572 650 1647; x_wconf 86' lang='lat' dir='ltr'>Herbesumque</span> <span class='ocrx_word' id='word_1_75' title='bbox 659 1570 743 1642; x_wconf 88' lang='lat' dir='ltr'>subit,</span> <span class='ocrx_word' id='word_1_76' title='bbox 753 1571 955 1646; x_wconf 72' lang='lat' dir='ltr'>Rhoetumque,</span> <span class='ocrx_word' id='word_1_77' title='bbox 962 1573 1045 1632; x_wconf 81' lang='lat' dir='ltr'>Aba·</span> 
     </span>
     <span class='ocr_line' id='line_1_14' title="bbox 264 1672 446 1751; baseline 0 -19"><span class='ocrx_word' id='word_1_78' title='bbox 264 1708 266 1713; x_wconf 95' lang='lat'>·</span> <span class='ocrx_word' id='word_1_79' title='bbox 325 1672 446 1751; x_wconf 67' lang='lat' dir='ltr'>nmque,</span> 
     </span>
     <span class='ocr_line' id='line_1_15' title="bbox 241 1774 1042 1855; baseline 0.005 -22"><span class='ocrx_word' id='word_1_80' title='bbox 241 1775 366 1855; x_wconf 76' lang='lat' dir='ltr'>Ignarus</span> <span class='ocrx_word' id='word_1_81' title='bbox 373 1800 381 1847; x_wconf 81' lang='lat'>3</span> <span class='ocrx_word' id='word_1_82' title='bbox 395 1776 533 1835; x_wconf 87' lang='lat' dir='ltr'>Rhoetum</span> <span class='ocrx_word' id='word_1_83' title='bbox 541 1775 720 1853; x_wconf 76' lang='lat' dir='ltr'>vigilantem,</span> <span class='ocrx_word' id='word_1_84' title='bbox 728 1783 759 1832; x_wconf 89' lang='lat' dir='ltr'>et</span> <span class='ocrx_word' id='word_1_85' title='bbox 768 1774 870 1833; x_wconf 72' lang='lat' dir='ltr'>cundia</span> <span class='ocrx_word' id='word_1_86' title='bbox 880 1774 1027 1837; x_wconf 86' lang='lat' dir='ltr'>videntem</span> <span class='ocrx_word' id='word_1_87' title='bbox 1031 1802 1042 1849; x_wconf 88' lang='lat'>;</span> 
     </span>
     <span class='ocr_line' id='line_1_16' title="bbox 246 1877 975 1958; baseline -0.005 -20"><span class='ocrx_word' id='word_1_88' title='bbox 246 1878 301 1938; x_wconf 85' lang='lat' dir='ltr'>Sed</span> <span class='ocrx_word' id='word_1_89' title='bbox 315 1898 453 1958; x_wconf 84' lang='lat' dir='ltr'>magnum</span> <span class='ocrx_word' id='word_1_90' title='bbox 465 1887 596 1938; x_wconf 80' lang='lat' dir='ltr'>metuens</span> <span class='ocrx_word' id='word_1_91' title='bbox 608 1877 639 1935; x_wconf 89' lang='lat' dir='ltr'>se</span> <span class='ocrx_word' id='word_1_92' title='bbox 650 1877 711 1955; x_wconf 86' lang='lat' dir='ltr'>post</span> <span class='ocrx_word' id='word_1_93' title='bbox 722 1886 830 1935; x_wconf 85' lang='lat' dir='ltr'>cratera</span> <span class='ocrx_word' id='word_1_94' title='bbox 844 1879 975 1956; x_wconf 75' lang='lat' dir='ltr'>tegebat3</span> 
     </span>
     <span class='ocr_line' id='line_1_17' title="bbox 246 1979 990 2056; baseline -0.004 -16"><span class='ocrx_word' id='word_1_95' title='bbox 246 1982 362 2042; x_wconf 68' lang='lat' dir='ltr'>Pedere</span> <span class='ocrx_word' id='word_1_96' title='bbox 376 1982 407 2040; x_wconf 90' lang='lat' dir='ltr'>in</span> <span class='ocrx_word' id='word_1_97' title='bbox 420 1982 539 2042; x_wconf 86' lang='lat' dir='ltr'>adverso</span> <span class='ocrx_word' id='word_1_98' title='bbox 551 1990 646 2040; x_wconf 88' lang='lat' dir='ltr'>totum</span> <span class='ocrx_word' id='word_1_99' title='bbox 658 1980 707 2038; x_wconf 88' lang='lat' dir='ltr'>cui</span> <span class='ocrx_word' id='word_1_100' title='bbox 718 1980 880 2038; x_wconf 82' lang='lat' dir='ltr'>comminus</span> <span class='ocrx_word' id='word_1_101' title='bbox 892 1979 990 2056; x_wconf 83' lang='lat' dir='ltr'>ensem</span> 
     </span>
     <span class='ocr_line' id='line_1_18' title="bbox 245 2082 961 2160; baseline -0.004 -17"><span class='ocrx_word' id='word_1_102' title='bbox 245 2085 385 2143; x_wconf 85' lang='lat' dir='ltr'>Condidit</span> <span class='ocrx_word' id='word_1_103' title='bbox 398 2083 572 2160; x_wconf 86' lang='lat' dir='ltr'>adsurgenti,</span> <span class='ocrx_word' id='word_1_104' title='bbox 592 2092 622 2141; x_wconf 87' lang='lat' dir='ltr'>et</span> <span class='ocrx_word' id='word_1_105' title='bbox 635 2082 728 2140; x_wconf 70' lang='lat' dir='ltr'>multa</span> <span class='ocrx_word' id='word_1_106' title='bbox 741 2091 833 2140; x_wconf 85' lang='lat' dir='ltr'>morte</span> <span class='ocrx_word' id='word_1_107' title='bbox 845 2083 961 2159; x_wconf 86' lang='lat' dir='ltr'>recepit.</span> 
     </span>
     <span class='ocr_line' id='line_1_19' title="bbox 245 2184 1043 2263; baseline 0.001 -19"><span class='ocrx_word' id='word_1_108' title='bbox 245 2187 417 2263; x_wconf 84' lang='lat' dir='ltr'>Purpuream</span> <span class='ocrx_word' id='word_1_109' title='bbox 432 2186 523 2243; x_wconf 87' lang='lat' dir='ltr'>vomit</span> <span class='ocrx_word' id='word_1_110' title='bbox 535 2185 584 2242; x_wconf 89' lang='lat' dir='ltr'>ille</span> <span class='ocrx_word' id='word_1_111' title='bbox 597 2184 736 2256; x_wconf 72' lang='lat' dir='ltr'>animam,</span> <span class='ocrx_word' id='word_1_112' title='bbox 758 2193 797 2255; x_wconf 88' lang='lat' dir='ltr'>et,</span> <span class='ocrx_word' id='word_1_113' title='bbox 818 2204 887 2245; x_wconf 89' lang='lat' dir='ltr'>cnm</span> <span class='ocrx_word' id='word_1_114' title='bbox 903 2185 1043 2263; x_wconf 81' lang='lat' dir='ltr'>sanguine</span> 
     </span>
     <span class='ocr_line' id='line_1_20' title="bbox 240 2289 917 2357; baseline 0.006 -16"><span class='ocrx_word' id='word_1_115' title='bbox 240 2335 242 2340; x_wconf 86' lang='lat'><em>.</em></span> <span class='ocrx_word' id='word_1_116' title='bbox 323 2289 424 2357; x_wconf 85' lang='lat' dir='ltr'>mixta,</span> <span class='ocrx_word' id='word_1_117' title='bbox 912 2339 917 2345; x_wconf 90' lang='lat'>.</span> 
     </span>
     <span class='ocr_line' id='line_1_21' title="bbox 244 2387 975 2450; baseline 0.004 -3"><span class='ocrx_word' id='word_1_118' title='bbox 244 2387 323 2447; x_wconf 87' lang='lat' dir='ltr'>Vina</span> <span class='ocrx_word' id='word_1_119' title='bbox 336 2388 422 2446; x_wconf 87' lang='lat' dir='ltr'>refert</span> <span class='ocrx_word' id='word_1_120' title='bbox 433 2388 570 2446; x_wconf 82' lang='lat' dir='ltr'>moriens:</span> <span class='ocrx_word' id='word_1_121' title='bbox 593 2388 641 2446; x_wconf 88' lang='lat' dir='ltr'>hic</span> <span class='ocrx_word' id='word_1_122' title='bbox 655 2387 732 2448; x_wconf 82' lang='lat' dir='ltr'>smto</span> <span class='ocrx_word' id='word_1_123' title='bbox 744 2389 870 2448; x_wconf 79' lang='lat' dir='ltr'>fervidus</span> <span class='ocrx_word' id='word_1_124' title='bbox 881 2390 975 2450; x_wconf 82' lang='lat' dir='ltr'>instat.</span> 
     </span>
     <span class='ocr_line' id='line_1_22' title="bbox 284 2489 1042 2569; baseline 0.012 -24"><span class='ocrx_word' id='word_1_125' title='bbox 284 2491 406 2566; x_wconf 81' lang='lat' dir='ltr'>Jamque</span> <span class='ocrx_word' id='word_1_126' title='bbox 419 2490 455 2546; x_wconf 88' lang='lat' dir='ltr'>ad</span> <span class='ocrx_word' id='word_1_127' title='bbox 467 2490 588 2567; x_wconf 78' lang='lat' dir='ltr'>Messapi</span> <span class='ocrx_word' id='word_1_128' title='bbox 603 2489 691 2548; x_wconf 79' lang='lat' dir='ltr'>socios</span> <span class='ocrx_word' id='word_1_129' title='bbox 704 2491 838 2550; x_wconf 88' lang='lat' dir='ltr'>tendebat</span> <span class='ocrx_word' id='word_1_130' title='bbox 842 2517 852 2564; x_wconf 75' lang='lat'>5</span> <span class='ocrx_word' id='word_1_131' title='bbox 873 2493 925 2550; x_wconf 91' lang='lat' dir='ltr'>ubi</span> <span class='ocrx_word' id='word_1_132' title='bbox 940 2493 1042 2569; x_wconf 81' lang='lat' dir='ltr'>ignem</span> 
     </span>
     <span class='ocr_line' id='line_1_23' title="bbox 245 2590 956 2668; baseline 0.001 -17"><span class='ocrx_word' id='word_1_133' title='bbox 245 2590 378 2651; x_wconf 85' lang='lat' dir='ltr'>Deficere</span> <span class='ocrx_word' id='word_1_134' title='bbox 390 2599 562 2661; x_wconf 83' lang='lat' dir='ltr'>extremum,</span> <span class='ocrx_word' id='word_1_135' title='bbox 582 2600 612 2648; x_wconf 91' lang='lat' dir='ltr'>et</span> <span class='ocrx_word' id='word_1_136' title='bbox 625 2591 760 2668; x_wconf 81' lang='lat' dir='ltr'>religatos</span> <span class='ocrx_word' id='word_1_137' title='bbox 771 2593 827 2651; x_wconf 88' lang='lat' dir='ltr'>rite</span> <span class='ocrx_word' id='word_1_138' title='bbox 839 2593 956 2654; x_wconf 83' lang='lat' dir='ltr'>videbat</span> 
     </span>
     <span class='ocr_line' id='line_1_24' title="bbox 245 2694 1038 2771; baseline 0.004 -18"><span class='ocrx_word' id='word_1_139' title='bbox 245 2695 369 2771; x_wconf 82' lang='lat' dir='ltr'>Carpere</span> <span class='ocrx_word' id='word_1_140' title='bbox 382 2709 500 2770; x_wconf 85' lang='lat' dir='ltr'>gramen</span> <span class='ocrx_word' id='word_1_141' title='bbox 512 2711 612 2768; x_wconf 89' lang='lat' dir='ltr'>equos:</span> <span class='ocrx_word' id='word_1_142' title='bbox 635 2694 759 2753; x_wconf 85' lang='lat' dir='ltr'>breviter</span> <span class='ocrx_word' id='word_1_143' title='bbox 770 2714 838 2753; x_wconf 88' lang='lat' dir='ltr'>cnm</span> <span class='ocrx_word' id='word_1_144' title='bbox 857 2697 925 2754; x_wconf 88' lang='lat' dir='ltr'>talia</span> <span class='ocrx_word' id='word_1_145' title='bbox 938 2696 1038 2767; x_wconf 84' lang='lat' dir='ltr'>Nisus,</span> 
     </span>
     <span class='ocr_line' id='line_1_25' title="bbox 245 2793 962 2874; baseline 0.001 -18"><span class='ocrx_word' id='word_1_146' title='bbox 245 2797 337 2856; x_wconf 79' lang='lat' dir='ltr'>Sensit</span> <span class='ocrx_word' id='word_1_147' title='bbox 348 2795 427 2854; x_wconf 90' lang='lat' dir='ltr'>enim</span> <span class='ocrx_word' id='word_1_148' title='bbox 440 2793 530 2852; x_wconf 72' lang='lat' dir='ltr'>nimii</span> <span class='ocrx_word' id='word_1_149' title='bbox 543 2795 620 2854; x_wconf 84' lang='lat' dir='ltr'>caede</span> <span class='ocrx_word' id='word_1_150' title='bbox 633 2804 720 2872; x_wconf 89' lang='lat' dir='ltr'>atque</span> <span class='ocrx_word' id='word_1_151' title='bbox 735 2797 871 2874; x_wconf 85' lang='lat' dir='ltr'>cupidine</span> <span class='ocrx_word' id='word_1_152' title='bbox 883 2799 962 2868; x_wconf 88' lang='lat' dir='ltr'>ferri,</span> 
     </span>
     <span class='ocr_line' id='line_1_26' title="bbox 244 2896 1077 2976; baseline -0.002 -16"><span class='ocrx_word' id='word_1_153' title='bbox 244 2901 428 2968; x_wconf 80' lang='lat' dir='ltr'>Absrstamus,</span> <span class='ocrx_word' id='word_1_154' title='bbox 448 2897 502 2956; x_wconf 90' lang='lat' dir='ltr'>ait:</span> <span class='ocrx_word' id='word_1_155' title='bbox 524 2915 592 2956; x_wconf 89' lang='lat' dir='ltr'>nam</span> <span class='ocrx_word' id='word_1_156' title='bbox 604 2896 656 2954; x_wconf 86' lang='lat' dir='ltr'>lux</span> <span class='ocrx_word' id='word_1_157' title='bbox 668 2897 787 2956; x_wconf 82' lang='lat' dir='ltr'>inimica</span> <span class='ocrx_word' id='word_1_158' title='bbox 799 2900 981 2976; x_wconf 81' lang='lat' dir='ltr'>propinquat.</span> <span class='ocrx_word' id='word_1_159' title='bbox 1074 2907 1077 2914; x_wconf 88' lang='lat'>&#39;</span> 
     </span>
     <span class='ocr_line' id='line_1_27' title="bbox 245 2998 1038 3079; baseline 0.003 -18"><span class='ocrx_word' id='word_1_160' title='bbox 245 3003 395 3061; x_wconf 86' lang='lat' dir='ltr'>Poenarum</span> <span class='ocrx_word' id='word_1_161' title='bbox 405 2999 572 3060; x_wconf 84' lang='lat' dir='ltr'>exhaustum</span> <span class='ocrx_word' id='word_1_162' title='bbox 581 2998 648 3058; x_wconf 87' lang='lat' dir='ltr'>satis</span> <span class='ocrx_word' id='word_1_163' title='bbox 660 3000 713 3071; x_wconf 71' lang='lat' dir='ltr'>est,</span> <span class='ocrx_word' id='word_1_164' title='bbox 734 3001 781 3059; x_wconf 81' lang='lat' dir='ltr'>via&#39;</span> <span class='ocrx_word' id='word_1_165' title='bbox 791 3001 865 3060; x_wconf 73' lang='lat' dir='ltr'>sabla</span> <span class='ocrx_word' id='word_1_166' title='bbox 874 3021 925 3079; x_wconf 91' lang='lat' dir='ltr'>per</span> <span class='ocrx_word' id='word_1_167' title='bbox 936 3003 1038 3063; x_wconf 74' lang='lat' dir='ltr'>hostes.</span> 
     </span>
     <span class='ocr_line' id='line_1_28' title="bbox 245 3101 1039 3181; baseline 0.001 -20"><span class='ocrx_word' id='word_1_168' title='bbox 245 3103 343 3162; x_wconf 87' lang='lat' dir='ltr'>Multa</span> <span class='ocrx_word' id='word_1_169' title='bbox 356 3103 459 3174; x_wconf 68' lang='lat' dir='ltr'>virum</span> <span class='ocrx_word' id='word_1_170' title='bbox 477 3101 568 3160; x_wconf 85' lang='lat' dir='ltr'>solido</span> <span class='ocrx_word' id='word_1_171' title='bbox 581 3111 699 3178; x_wconf 83' lang='lat' dir='ltr'>argento</span> <span class='ocrx_word' id='word_1_172' title='bbox 716 3103 860 3180; x_wconf 64' lang='lat' dir='ltr'>perfode,</span> <span class='ocrx_word' id='word_1_173' title='bbox 870 3105 1039 3181; x_wconf 88' lang='lat' dir='ltr'>relinquunt</span> 
     </span>
    </p>
   </div>
   <div class='ocr_carea' id='block_1_3' title="bbox 241 3205 1038 3285">
    <p class='ocr_par' dir='ltr' id='par_1_3' title="bbox 241 3205 1038 3285">
     <span class='ocr_line' id='line_1_29' title="bbox 241 3205 1038 3285; baseline 0.004 -23"><span class='ocrx_word' id='word_1_174' title='bbox 241 3205 403 3280; x_wconf 79' lang='lat' dir='ltr'>Armaque,</span> <span class='ocrx_word' id='word_1_175' title='bbox 421 3213 597 3281; x_wconf 74' lang='lat' dir='ltr'>craterasque</span> <span class='ocrx_word' id='word_1_176' title='bbox 610 3205 705 3277; x_wconf 84' lang='lat' dir='ltr'>simul,</span> <span class='ocrx_word' id='word_1_177' title='bbox 722 3206 910 3283; x_wconf 79' lang='lat' dir='ltr'>pulchrosque</span> <span class='ocrx_word' id='word_1_178' title='bbox 921 3214 1038 3285; x_wconf 78' lang='lat' dir='ltr'>tapetnt.</span> 
     </span>
    </p>
   </div>
   <div class='ocr_carea' id='block_1_4' title="bbox 0 0 1260 3875">
    <p class='ocr_par' dir='ltr' id='par_1_4' title="bbox 0 0 1260 3875">
     <span class='ocr_line' id='line_1_30' title="bbox 0 0 1260 3875; baseline 0 0"><span class='ocrx_word' id='word_1_179' title='bbox 0 0 1260 3875; x_wconf 95' lang='lat' dir='ltr'> </span> 
     </span>
    </p>
   </div>
  </div>
 </body>
</html>
