2509 3875
189 331 215 371 v.
230 322 297 375 305.
486 322 584 382 LIB.
623 323 693 380 XII.
928 324 966 389 27
969 328 985 389 7

81 546 83 559 Ι
190 471 339 541 Pastorem,
359 472 507 553 primique
520 474 581 536 acie
595 498 647 556 per
660 478 717 535 tela
730 484 871 547 mentem,

80 568 84 661 J
189 572 265 631 Ense
278 574 396 651 sequens
410 581 496 649 nude,
517 582 741 657 superinminet:
762 580 812 637 ille
826 578 917 637 securi

80 681 83 688 ’
188 676 309 737 Adversr
323 678 446 738 fr'ontem
460 683 593 752 mediam,
615 695 812 759 mentumque,
832 680 949 739 redusid

80 757 83 792 ³
187 777 317 851 Dissrcit;
339 766 369 839 et
382 782 474 859 sparso
486 785 545 843 late
557 787 631 861 rigat
645 804 723 843 arma
734 803 843 842 cruore.

176 960 177 969 ἵ
188 880 250 938 Olli
263 882 333 939 dura
347 884 427 959 quies
439 876 544 955 oeulos,
565 899 595 945 et
607 888 715 945 ferreus
727 896 833 963 urguet

187 984 308 1041 Somnus
313 1010 321 1055 5
343 986 375 1042 in
389 998 525 1046 aeternam
538 990 713 1047 clauduntur
731 989 841 1046 lumina
855 987 982 1048 nudem(

225 1088 268 1144 At
281 1087 344 1163 pius
357 1078 465 1165 AEneas
478 1092 608 1151 dextram
622 1094 758 1150 tendebat
770 1091 921 1159 inermem,
977 1085 981 1089 ”

187 1188 307 1246 Nudato
320 1192 414 1267 capite
420 1218 428 1263 ;
451 1203 537 1269 atque
549 1196 613 1252 suos
625 1196 750 1252 clamore
762 1196 896 1251 vocabat:

187 1291 256 1348 Quo
269 1292 366 1349 ruitis?
389 1314 487 1370 quaeve
500 1297 550 1354 ista
564 1284 665 1374 repens
678 1296 817 1355 discordia
831 1295 938 1373 surgit?

81 1398 82 1417 ¹
186 1393 215 1468 Ο
228 1386 360 1451 cohibete
373 1396 441 1453 irasl
463 1398 554 1456 istum
561 1398 623 1475 jam
636 1400 738 1469 foedus,
758 1408 789 1457 et
801 1418 902 1457 omnes

186 1496 348 1571 Conpofitae
361 1498 451 1574 leges3
474 1499 546 1556 milri
555 1500 602 1576 jus
616 1520 783 1558 concurrere
796 1501 862 1571 soli3

186 1596 239 1654 Me
253 1596 344 1665 finite,
364 1608 451 1674 atque
464 1602 574 1659 auferte
587 1612 691 1661 metus.
725 1604 787 1679 Ego
800 1603 905 1659 foedera
918 1604 986 1660 saxo

186 1698 280 1756 Firma
295 1719 396 1758 manu:
418 1703 549 1759 Turnum
555 1700 618 1779 jam
628 1704 733 1760 debent
743 1704 806 1761 haec
815 1703 887 1760 mihi
899 1703 985 1763 sacra.

186 1802 248 1859 Has
262 1802 337 1859 inter
350 1822 441 1872 voees,
461 1804 556 1862 media
569 1805 646 1863 inter
658 1805 727 1863 talia
740 1807 837 1874 verba,

187 1903 276 1962 Ecce!
299 1904 368 1974 viro,
389 1906 506 1964 stridens
520 1907 579 1978 alis,
601 1906 715 1984 adlapsa
732 1906 835 1984 sagitta
849 1906 905 1978 est3

185 2008 342 2076 Incertum,
362 2011 419 2085 qud
433 2009 513 2086 pulsa
528 2030 624 2079 manu,
645 2030 703 2086 quo
720 2011 836 2068 turbine
850 2011 945 2068 adatla
954 2036 963 2080 3

187 2112 263 2170 Quis
277 2123 387 2170 tantam
401 2113 514 2171 Rutulis
528 2114 653 2181 laudem,
673 2113 798 2182 casusne,
819 2115 935 2183 deusne,

185 2215 349 2272 Adtnlerit:
373 2215 460 2292 pressa
475 2216 514 2272 est
526 2215 646 2292 insignis
659 2216 748 2292 gloria
762 2216 847 2287 fasli3

183 2319 249 2376 Nec
262 2318 318 2376 sese
332 2319 435 2376 AEneae
443 2316 561 2395 jadlavit
572 2319 685 2376 volnere
697 2319 855 2394 quisquam.

222 2421 347 2492 Turnus,
368 2431 401 2478 ut
415 2421 531 2479 AEuean
545 2423 696 2478 cedentem
709 2441 744 2478 ex
760 2423 875 2498 agmine
889 2422 971 2490 vidit,

184 2524 384 2599 Turbatosque
397 2525 492 2592 duces,
513 2523 606 2580 subita
619 2523 668 2600 spe
681 2523 815 2596 fervidus,
836 2526 929 2581 ardet:

184 2625 276 2684 Poscit
286 2645 382 2701 equos,
397 2637 483 2702 atque
497 2645 574 2684 arma
588 2626 683 2696 srmu13
705 2625 836 2700 saltuque
847 2626 984 2702 superbus

184 2729 298 2788 Emicat
311 2728 342 2786 in
356 2731 481 2796 currum,
501 2739 531 2786 et
544 2730 676 2787 manibus
689 2729 809 2786 molitur
822 2730 955 2786 habenas.

183 2832 281 2890 Multa
294 2832 389 2889 virum
402 2832 523 2889 volitans
537 2833 585 2888 dat
600 2831 685 2888 sortia
700 2849 816 2906 corpora
832 2831 902 2887 leto:

183 2933 343 2992 Semineces
354 2933 444 2991 volvit
456 2933 570 3001 multos,
590 2944 639 2990 ant
653 2931 768 3008 agmina
780 2950 867 2989 curru

179 3035 312 3105 Proluit,
333 3044 383 3094 aut
396 3045 489 3112 raptas
502 3035 681 3112 fngientibus
694 3034 801 3110 ingerit
813 3033 913 3090 hastas.

184 3138 287 3198 Qualis
300 3139 376 3215 apud
389 3138 477 3215 gelidi
491 3156 559 3195 curn
571 3137 690 3194 flumina
704 3133 834 3193 concitus
851 3136 940 3194 Hebri

183 3241 362 3318 sanguineus
376 3243 490 3301 Mavors
501 3241 593 3318 clipeo
606 3240 728 3311 intonatj
749 3249 836 3317 atque
849 3230 982 3314 furentis,
