2509 3875
193 354 300 404 men.
389 369 392 373 ’
487 349 586 407 LIB.
626 348 697 405 XII.
932 334 993 417 ⁴27⁵

190 500 369 559 convertunt
384 502 506 561 clamore
520 503 630 580 fugam,
650 502 782 560 mirabile
796 501 871 559 visu!

190 604 370 681 AEtheraque
381 592 533 663 ubscurant
545 606 657 683 pennis,
670 606 835 681 hostemque
844 624 895 681 per
908 624 991 664 auras

190 706 273 763 Fani
286 710 362 765 nube
376 719 523 784 premunt:
546 710 637 766 donec
649 708 679 765 vi
692 707 792 776 vitius,
812 717 843 763 et
859 706 920 783 ipso

189 810 325 877 Pondere,
345 810 460 879 defecit,
479 812 662 887 praedamque
675 830 711 867 ex
724 809 871 886 unguibus
890 810 948 869 ales

190 911 309 989 Projecit
320 912 422 983 fluvio,
443 914 613 991 penitusque
626 915 658 970 in
671 912 769 971 nubila
783 912 871 987 fugit.

225 1016 304 1072 Tum
317 1036 383 1075 vero
396 1018 551 1093 augurium
563 1018 665 1075 Rutuli
678 1016 803 1073 clamore
816 1016 950 1084 salutant,

188 1118 409 1196 Expediuntque
427 1140 541 1179 manus:
566 1121 732 1198 primusque
745 1119 918 1177 Tolumnius
936 1139 987 1177 au·

265 1239 329 1297 gur,

187 1324 252 1380 Hoc
266 1334 335 1393 erat,
357 1323 411 1381 hoc
425 1324 507 1393 votis,
527 1325 633 1401 inquit,
652 1326 729 1401 quod
743 1324 815 1401 saepe
827 1324 933 1401 petivi:

186 1424 319 1502 Adcipio,
333 1426 528 1503 adgnoscoque
541 1429 616 1485 deou
649 1428 710 1495 Me,
724 1446 771 1484 me
781 1428 863 1494 duce,
877 1428 987 1484 ferrum

187 1528 345 1603 Con1·ipite‚
366 1546 384 1585 o
397 1528 509 1586 miseri!
536 1548 606 1605 quos
618 1528 756 1604 inprobus
771 1530 879 1585 advena
892 1529 968 1587 bello
1070 1544 1075 1550 “

185 1630 321 1700 Territat,
341 1630 480 1688 invalidas
494 1641 527 1687 ut
540 1631 599 1688 avis
603 1656 612 1701 3
635 1641 664 1687 et
677 1630 760 1686 litora
773 1630 861 1686 vestra

185 1731 224 1787 Vi
235 1732 362 1809 populat.
385 1734 465 1790 Petet
475 1732 526 1790 ille
537 1733 648 1809 fugam,
660 1730 831 1808 penitusque
841 1732 986 1807 profundo
1066 1729 1069 1733 ⁴

185 1834 258 1891 Vela
271 1833 361 1893 dabit.
392 1836 450 1892 Vos
462 1834 593 1891 unanimi
607 1832 722 1890 densate
734 1843 869 1903 catervas,
979 1825 992 1850 '¹

184 1937 222 1994 Et
236 1955 334 2013 regem
347 1937 428 1994 nobis
440 1939 538 2013 pugni
552 1935 698 1994 defendite
711 1946 835 2013 raptum.

189 2039 280 2107 Dixit,
300 2049 330 2096 et
343 2038 472 2096 adversos
486 2039 575 2096 telum
589 2037 722 2095 contorfit
735 2037 766 2094 in
783 2037 868 2095 hostis

184 2143 368 2198 Procurrens:
390 2140 516 2198 sonitum
527 2141 576 2198 dat
588 2139 704 2197 stridula
718 2134 839 2208 cornus,‘
849 2150 879 2196 et
892 2158 973 2198 auras

184 2245 271 2302 Certa
291 2244 376 2302 secat.
417 2243 508 2301 Simul
521 2243 586 2311 hoc,
607 2241 689 2300 simul
703 2241 805 2318 iugens
818 2242 935 2312 clamor,
955 2252 986 2301 et

261 2365 360 2404 omnes

181 2448 305 2506 Turbati
318 2449 412 2518 cunei,
433 2448 625 2524 calefailaque
639 2449 724 2505 corda
738 2449 875 2506 tumultu.
944 2488 946 2491 -

182 2551 271 2608 Hasta
284 2552 391 2618 Volane,
404 2560 438 2608 ut
451 2551 525 2608 forte
539 2570 643 2608 novem
656 2544 848 2627 pulcherrima
861 2551 984 2610 fratrum

137 2680 140 2688 =
182 2654 308 2728 Corpora
322 2653 505 2710 constiterant
519 2662 628 2721 contra,
649 2672 719 2728 quos
733 2653 789 2710 fida
804 2663 912 2710 crearat

184 2757 251 2816 Una
265 2765 308 2812 tot
322 2757 447 2814 Arcadio
460 2755 586 2833 conjunx
596 2753 745 2832 Tyrrhena
759 2756 901 2832 Gylipp05

182 2859 297 2916 Horum
306 2877 405 2927 unum,
417 2859 453 2916 ad
464 2859 602 2924 medium,
615 2858 717 2916 teritur
724 2859 790 2932 quil,
803 2857 895 2914 sutilis
905 2877 983 2927 auro,

182 2960 307 3028 Balteus,
327 2970 356 3018 et
369 2959 492 3017 laterum
501 2959 649 3036 juneturas
662 2959 750 3016 fibula
765 2960 885 3027 mordet,

183 3062 340 3138 Egregium
355 3062 446 3119 fonni
455 3061 602 3137 juvenem,
624 3071 654 3117 et
667 3060 844 3136 fulgentibus
857 3061 951 3132 annis,

181 3164 367 3240 Transadigit
380 3163 476 3232 costas,
496 3163 633 3238 fulvique
646 3159 768 3219 effundit
782 3163 875 3223 areni.

182 3270 225 3326 At
237 3265 346 3338 fratres,
367 3266 493 3325 animosa
506 3265 643 3343 phalanx,
664 3263 839 3342 adcensaque
851 3254 940 3339 luein,
