2509 3875
182 260 290 314 near.
446 254 462 315 J
491 258 590 318 LIB.
630 259 669 318 x.
702 250 720 306 ‘.
917 248 980 330 'aaa

177 410 310 469 -Volnera
324 408 445 473 siccabat
457 416 592 493 lymphis,
612 434 770 493 corpusque
782 414 904 482 levabat,
965 445 969 454 ·-

179 515 302 578 Arboris
314 517 434 575 adclinis
447 528 562 577 trunco:
584 519 684 596 procul
697 536 769 574 aerea
782 515 869 573 ramis

180 619 334 695 Dependet
347 621 437 697 galea,
458 632 488 679 et
501 632 583 699 prato
597 622 694 699 gravia
708 639 785 678 arma
799 618 964 695 quiescunt·

80 750 81 753 ¹
181 722 265 779 Stant
277 722 344 780 lecti
361 722 469 781 circum
482 723 616 800 juvenes:
639 723 708 800 ipse,
728 741 813 799 aeger,
833 720 981 791 anhelans,

181 821 264 883 Colla
278 826 365 895 fovet,
385 825 464 883 susus
477 846 632 903 propexam
646 826 677 881 in
692 824 805 901 pedore
817 819 948 881 barbam:
965 816 968 821 ’

175 927 277 985 Multa
290 928 373 1004 super
386 928 479 985 Lauso
492 929 607 1005 rogitat,
629 928 811 1003 multumque
828 924 959 994 remittit,

181 1029 243 1089 Qui
256 1039 397 1099 revocent,
418 1030 565 1107 maestique
579 1032 672 1089 serant
690 1030 824 1087 mandata
842 1027 977 1104 parentia.

218 1133 261 1189 At
272 1132 396 1189 Lausum
410 1133 478 1191 socii
489 1133 652 1191 exanimem
666 1133 748 1208 super
758 1150 836 1213 arma
849 1131 979 1188 serebant

176 1234 306 1304 Flentes;
327 1235 485 1311 ingentem,
506 1246 592 1311 atque
605 1236 720 1312 ingenti
734 1227 847 1292 volnere
859 1233 977 1292 vicium.

177 1336 327 1413 Adgnovit
341 1337 426 1412 longe
440 1338 582 1412 gemitum
595 1336 721 1413 praesaga
734 1337 803 1394 mali
816 1354 907 1393 mens.

177 1436 325 1495 Canitiem
337 1438 431 1493 multo
444 1438 585 1495 deformat
597 1439 723 1514 pulvere,
743 1449 773 1495 et
786 1439 883 1495 ambas

177 1539 228 1595 Ad
241 1538 345 1594 coelum
358 1537 451 1594 tendit
464 1538 580 1614 palmas,
601 1549 632 1595 et
645 1559 762 1615 corpore
775 1540 906 1598 inhaeret.

177 1640 310 1697 Tantane
323 1657 369 1695 me
383 1640 477 1696 tenuit
489 1640 618 1709 vivendi,
638 1650 715 1709 nate,
735 1641 876 1715 voluptas,

178 1742 223 1799 Ut
236 1758 287 1817 pro
300 1760 348 1797 me
360 1740 454 1799 hostili
466 1751 579 1817 paterer
591 1742 741 1800 succedere
754 1743 870 1811 dextrae,

179 1845 280 1903 Quem
292 1843 396 1921 genui?
417 1844 519 1901 Tuane
531 1843 593 1901 haec
607 1842 721 1920 genitor
732 1862 784 1919 per
793 1843 908 1901 volnera
921 1843 977 1901 ser·

256 1966 315 2017 vor,
784 1924 790 1931 .

177 2052 276 2110 Morte
289 2049 339 2107 tua
349 2049 464 2108 vivens?
486 2050 563 2120 Heu,
575 2069 652 2107 nunc
663 2049 765 2107 misero
776 2049 848 2108 mihi
860 2051 977 2107 demum
1011 2102 1013 2105 .

177 2153 318 2212 Exsilium
330 2151 448 2210 infelix!
471 2171 550 2209 nunc
564 2152 621 2210 alte
635 2153 736 2210 volnus
749 2152 898 2210 adaduml

175 2257 256 2314 Idem
271 2273 335 2331 ego,
355 2263 432 2323 nate‚'
452 2263 535 2312 tuum
551 2255 692 2312 maculavi
706 2255 828 2313 crimine
840 2274 956 2328 nomen,

177 2357 276 2416 Pulsus
289 2359 327 2414 ob
340 2356 479 2416 invidiam
492 2357 571 2425 solio,
592 2356 766 2434 sceptrisque
778 2360 913 2436 paternis.

175 2461 340 2518 Debueram
355 2461 455 2534 patriae
468 2479 575 2536 paenas,
595 2461 726 2537 odiisque
740 2481 884 2521 meorum:

176 2561 280 2620 Omnis
293 2580 343 2638 per
356 2572 461 2620 mortes
474 2562 601 2620 animam
612 2562 724 2621 sontem
738 2563 798 2640 ipse
810 2565 955 2622 dedissem.

175 2663 266 2722 Nunc
278 2663 357 2720 vivo:
381 2681 475 2739 neque
488 2664 582 2722 adhuc
595 2665 735 2735 homines,
754 2667 915 2741 lucemque,
930 2685 975 2741 re·

253 2765 364 2839 linquo.

175 2866 231 2926 Sed
243 2867 381 2943 linquam.
403 2867 503 2938 Simul,
515 2868 569 2926 hoc
580 2868 687 2939 dicens,
700 2867 854 2926 adtollitin
865 2885 974 2942 aegrum

175 2971 212 3028 Se
225 2970 333 3039 semur3
356 2978 393 3039 et,
408 2988 582 3046 quamquam
596 2971 638 3028 vis
651 2971 710 3028 alto
723 2972 838 3027 volnere
851 2969 954 3039 tardat,

174 3072 265 3132 Haud
278 3069 409 3148 dejectus,
423 3089 530 3146 equum
545 3072 611 3129 duci
620 3071 713 3148 jubet.
746 3070 906 3127 Hocdecue
918 3068 973 3142 ittig

175 3173 242 3232 Hoc
255 3171 390 3242 solamen,
410 3182 483 3231 erat:
495 3173 590 3236 ,bellis
603 3172 659 3230 hoc
672 3171 762 3230 vietor
775 3170 873 3228 abibat
899 3211 902 3214 ψ

237 3293 310 3336 vot..
326 3293 363 3334 ιι.
578 3295 600 3334 α
