<?xml version="1.0" encoding="UTF-8"?>
<!DOCTYPE html PUBLIC "-//W3C//DTD XHTML 1.0 Transitional//EN"
    "http://www.w3.org/TR/xhtml1/DTD/xhtml1-transitional.dtd">
<html xmlns="http://www.w3.org/1999/xhtml" xml:lang="en" lang="en">
 <head>
  <title>
</title>
<meta http-equiv="Content-Type" content="text/html;charset=utf-8" />
  <meta name='ocr-system' content='tesseract 3.04.00' />
  <meta name='ocr-capabilities' content='ocr_page ocr_carea ocr_par ocr_line ocrx_word'/>
</head>
<body>
  <div class='ocr_page' id='page_1' title='image "./pvirgiliimaroni01wakegoog/pvirgiliimaroni01wakegoog_0295.png"; bbox 0 0 2509 3875; ppageno 0'>
   <div class='ocr_carea' id='block_1_1' title="bbox 235 290 1045 369">
    <p class='ocr_par' dir='ltr' id='par_1_1' title="bbox 235 290 1045 369">
     <span class='ocr_line' id='line_1_1' title="bbox 235 290 1045 369; baseline 0.004 -3"><span class='ocrx_word' id='word_1_1' title='bbox 235 290 342 367; x_wconf 62' lang='lat' dir='ltr'><strong>iano.</strong></span> <span class='ocrx_word' id='word_1_2' title='bbox 536 306 635 364; x_wconf 79' lang='lat' dir='ltr'><strong>nra.</strong></span> <span class='ocrx_word' id='word_1_3' title='bbox 675 308 745 365; x_wconf 84' lang='lat' dir='ltr'><strong>xn.</strong></span> <span class='ocrx_word' id='word_1_4' title='bbox 979 317 1045 369; x_wconf 71' lang='lat' dir='ltr'><strong>aaa.</strong></span> 
     </span>
    </p>
   </div>
   <div class='ocr_carea' id='block_1_2' title="bbox 229 462 1037 2280">
    <p class='ocr_par' dir='ltr' id='par_1_2' title="bbox 229 462 1037 2280">
     <span class='ocr_line' id='line_1_2' title="bbox 237 462 1007 541; baseline -0.001 -18"><span class='ocrx_word' id='word_1_5' title='bbox 237 464 435 538; x_wconf 80' lang='lat' dir='ltr'><strong>Ufentemque</strong></span> <span class='ocrx_word' id='word_1_6' title='bbox 448 464 539 540; x_wconf 81' lang='lat' dir='ltr'><strong>Gyas:</strong></span> <span class='ocrx_word' id='word_1_7' title='bbox 561 464 640 521; x_wconf 88' lang='lat' dir='ltr'><strong>cadit</strong></span> <span class='ocrx_word' id='word_1_8' title='bbox 653 463 713 541; x_wconf 87' lang='lat' dir='ltr'><strong>ipse</strong></span> <span class='ocrx_word' id='word_1_9' title='bbox 722 462 895 521; x_wconf 86' lang='lat' dir='ltr'>Tolumnius</span> <span class='ocrx_word' id='word_1_10' title='bbox 908 483 1007 541; x_wconf 83' lang='lat' dir='ltr'><strong>augur,</strong></span> 
     </span>
     <span class='ocr_line' id='line_1_3' title="bbox 237 547 936 641; baseline 0 -17"><span class='ocrx_word' id='word_1_11' title='bbox 237 566 348 624; x_wconf 89' lang='lat' dir='ltr'>Primus</span> <span class='ocrx_word' id='word_1_12' title='bbox 360 565 390 624; x_wconf 89' lang='lat' dir='ltr'><strong>in</strong></span> <span class='ocrx_word' id='word_1_13' title='bbox 405 566 533 623; x_wconf 88' lang='lat' dir='ltr'><strong>adversos</strong></span> <span class='ocrx_word' id='word_1_14' title='bbox 546 567 637 623; x_wconf 87' lang='lat' dir='ltr'><strong>telum</strong></span> <span class='ocrx_word' id='word_1_15' title='bbox 648 563 699 641; x_wconf 90' lang='lat' dir='ltr'><strong>qui</strong></span> <span class='ocrx_word' id='word_1_16' title='bbox 713 566 829 623; x_wconf 78' lang='lat' dir='ltr'><strong>torserat</strong></span> <span class='ocrx_word' id='word_1_17' title='bbox 841 547 936 624; x_wconf 86' lang='lat' dir='ltr'><strong>hostis.</strong></span> 
     </span>
     <span class='ocr_line' id='line_1_4' title="bbox 236 667 936 743; baseline -0.003 -16"><span class='ocrx_word' id='word_1_18' title='bbox 236 668 363 727; x_wconf 84' lang='lat' dir='ltr'><strong>Tollitur</strong></span> <span class='ocrx_word' id='word_1_19' title='bbox 374 668 403 725; x_wconf 93' lang='lat' dir='ltr'><strong>in</strong></span> <span class='ocrx_word' id='word_1_20' title='bbox 418 669 522 740; x_wconf 70' lang='lat' dir='ltr'><strong>eoelum</strong></span> <span class='ocrx_word' id='word_1_21' title='bbox 535 669 655 740; x_wconf 80' lang='lat' dir='ltr'><strong>clam015</strong></span> <span class='ocrx_word' id='word_1_22' title='bbox 677 668 805 743; x_wconf 82' lang='lat' dir='ltr'><strong>versique</strong></span> <span class='ocrx_word' id='word_1_23' title='bbox 816 667 936 726; x_wconf 75' lang='lat' dir='ltr'><strong>vicissim</strong></span> 
     </span>
     <span class='ocr_line' id='line_1_5' title="bbox 236 768 1002 847; baseline 0 -18"><span class='ocrx_word' id='word_1_24' title='bbox 236 771 436 829; x_wconf 86' lang='lat' dir='ltr'><strong>Pulverulenta</strong></span> <span class='ocrx_word' id='word_1_25' title='bbox 449 770 519 847; x_wconf 75' lang='lat' dir='ltr'><strong>fugi</strong></span> <span class='ocrx_word' id='word_1_26' title='bbox 533 770 634 828; x_wconf 89' lang='lat' dir='ltr'><strong>Rutuli</strong></span> <span class='ocrx_word' id='word_1_27' title='bbox 646 772 717 829; x_wconf 85' lang='lat' dir='ltr'><strong>dant</strong></span> <span class='ocrx_word' id='word_1_28' title='bbox 730 780 809 847; x_wconf 90' lang='lat' dir='ltr'><strong>terga</strong></span> <span class='ocrx_word' id='word_1_29' title='bbox 821 790 873 847; x_wconf 91' lang='lat' dir='ltr'><strong>per</strong></span> <span class='ocrx_word' id='word_1_30' title='bbox 885 790 976 847; x_wconf 83' lang='lat' dir='ltr'><strong>agros.</strong></span> <span class='ocrx_word' id='word_1_31' title='bbox 999 768 1002 773; x_wconf 16' lang='grc' dir='ltr'><strong>Δ</strong></span> 
     </span>
     <span class='ocr_line' id='line_1_6' title="bbox 235 872 925 951; baseline 0.001 -21"><span class='ocrx_word' id='word_1_32' title='bbox 235 872 300 951; x_wconf 88' lang='lat' dir='ltr'><strong>Ipse</strong></span> <span class='ocrx_word' id='word_1_33' title='bbox 313 892 406 949; x_wconf 91' lang='lat' dir='ltr'><strong>neque</strong></span> <span class='ocrx_word' id='word_1_34' title='bbox 419 874 531 931; x_wconf 87' lang='lat' dir='ltr'><strong>aversos</strong></span> <span class='ocrx_word' id='word_1_35' title='bbox 544 872 681 951; x_wconf 85' lang='lat' dir='ltr'><strong>dignatur</strong></span> <span class='ocrx_word' id='word_1_36' title='bbox 693 873 814 931; x_wconf 86' lang='lat' dir='ltr'><strong>stemere</strong></span> <span class='ocrx_word' id='word_1_37' title='bbox 826 875 911 931; x_wconf 89' lang='lat' dir='ltr'><strong>morti</strong></span> <span class='ocrx_word' id='word_1_38' title='bbox 916 898 925 945; x_wconf 88' lang='lat'>;</span> 
     </span>
     <span class='ocr_line' id='line_1_7' title="bbox 235 976 960 1053; baseline -0.003 -18"><span class='ocrx_word' id='word_1_39' title='bbox 235 978 300 1035; x_wconf 91' lang='lat' dir='ltr'><strong>Nec</strong></span> <span class='ocrx_word' id='word_1_40' title='bbox 312 977 385 1053; x_wconf 88' lang='lat' dir='ltr'><strong>pede</strong></span> <span class='ocrx_word' id='word_1_41' title='bbox 398 976 557 1053; x_wconf 79' lang='lat' dir='ltr'><strong>congressos</strong></span> <span class='ocrx_word' id='word_1_42' title='bbox 571 996 663 1052; x_wconf 89' lang='lat' dir='ltr'><strong>aequo,</strong></span> <span class='ocrx_word' id='word_1_43' title='bbox 683 995 737 1033; x_wconf 89' lang='lat' dir='ltr'><strong>nee</strong></span> <span class='ocrx_word' id='word_1_44' title='bbox 750 976 807 1033; x_wconf 86' lang='lat' dir='ltr'><strong>tela</strong></span> <span class='ocrx_word' id='word_1_45' title='bbox 820 976 960 1046; x_wconf 64' lang='lat' dir='ltr'><strong>ferentis,</strong></span> 
     </span>
     <span class='ocr_line' id='line_1_8' title="bbox 235 1076 954 1155; baseline 0.001 -20"><span class='ocrx_word' id='word_1_46' title='bbox 235 1079 411 1155; x_wconf 88' lang='lat' dir='ltr'><strong>Insequitur:</strong></span> <span class='ocrx_word' id='word_1_47' title='bbox 434 1078 523 1136; x_wconf 88' lang='lat' dir='ltr'><strong>solum</strong></span> <span class='ocrx_word' id='word_1_48' title='bbox 536 1077 621 1135; x_wconf 69' lang='lat' dir='ltr'><strong>densi</strong></span> <span class='ocrx_word' id='word_1_49' title='bbox 636 1077 668 1135; x_wconf 89' lang='lat' dir='ltr'><strong>in</strong></span> <span class='ocrx_word' id='word_1_50' title='bbox 685 1076 809 1154; x_wconf 88' lang='lat' dir='ltr'><strong>caligine</strong></span> <span class='ocrx_word' id='word_1_51' title='bbox 821 1080 954 1137; x_wconf 90' lang='lat' dir='ltr'><strong>Turnum</strong></span> 
     </span>
     <span class='ocr_line' id='line_1_9' title="bbox 234 1179 973 1259; baseline -0.004 -19"><span class='ocrx_word' id='word_1_52' title='bbox 234 1182 363 1259; x_wconf 82' lang='lat' dir='ltr'><strong>Vestigat</strong></span> <span class='ocrx_word' id='word_1_53' title='bbox 375 1180 503 1251; x_wconf 88' lang='lat' dir='ltr'><strong>lustrans,</strong></span> <span class='ocrx_word' id='word_1_54' title='bbox 524 1181 616 1237; x_wconf 90' lang='lat' dir='ltr'><strong>solum</strong></span> <span class='ocrx_word' id='word_1_55' title='bbox 629 1180 661 1237; x_wconf 94' lang='lat' dir='ltr'><strong>in</strong></span> <span class='ocrx_word' id='word_1_56' title='bbox 674 1181 828 1238; x_wconf 89' lang='lat' dir='ltr'><strong>certamina</strong></span> <span class='ocrx_word' id='word_1_57' title='bbox 840 1179 942 1256; x_wconf 89' lang='lat' dir='ltr'><strong>poscit.</strong></span> <span class='ocrx_word' id='word_1_58' title='bbox 969 1231 973 1237; x_wconf 89' lang='lat'>.</span> 
     </span>
     <span class='ocr_line' id='line_1_10' title="bbox 272 1283 978 1361; baseline -0.001 -20"><span class='ocrx_word' id='word_1_59' title='bbox 272 1285 338 1341; x_wconf 91' lang='lat' dir='ltr'><strong>Hoc</strong></span> <span class='ocrx_word' id='word_1_60' title='bbox 350 1284 480 1341; x_wconf 85' lang='lat' dir='ltr'><strong>concussa</strong></span> <span class='ocrx_word' id='word_1_61' title='bbox 493 1292 574 1341; x_wconf 87' lang='lat' dir='ltr'><strong>metu</strong></span> <span class='ocrx_word' id='word_1_62' title='bbox 587 1292 724 1350; x_wconf 86' lang='lat' dir='ltr'><strong>mentem,</strong></span> <span class='ocrx_word' id='word_1_63' title='bbox 743 1284 867 1360; x_wconf 85' lang='lat' dir='ltr'><strong>Juturna</strong></span> <span class='ocrx_word' id='word_1_64' title='bbox 880 1283 978 1361; x_wconf 78' lang='lat' dir='ltr'><strong>virago</strong></span> 
     </span>
     <span class='ocr_line' id='line_1_11' title="bbox 233 1383 914 1463; baseline -0.003 -18"><span class='ocrx_word' id='word_1_65' title='bbox 233 1386 375 1463; x_wconf 83' lang='lat' dir='ltr'><strong>Aurigam</strong></span> <span class='ocrx_word' id='word_1_66' title='bbox 384 1384 477 1443; x_wconf 91' lang='lat' dir='ltr'><strong>Turni</strong></span> <span class='ocrx_word' id='word_1_67' title='bbox 490 1384 583 1443; x_wconf 90' lang='lat' dir='ltr'><strong>media</strong></span> <span class='ocrx_word' id='word_1_68' title='bbox 597 1383 674 1442; x_wconf 87' lang='lat' dir='ltr'><strong>inter</strong></span> <span class='ocrx_word' id='word_1_69' title='bbox 686 1386 745 1443; x_wconf 91' lang='lat' dir='ltr'><strong>lora</strong></span> <span class='ocrx_word' id='word_1_70' title='bbox 758 1385 914 1443; x_wconf 85' lang='lat' dir='ltr'><strong>Metiscum</strong></span> 
     </span>
     <span class='ocr_line' id='line_1_12' title="bbox 233 1486 959 1564; baseline -0.006 -15"><span class='ocrx_word' id='word_1_71' title='bbox 233 1490 364 1549; x_wconf 85' lang='lat' dir='ltr'><strong>Excutit:</strong></span> <span class='ocrx_word' id='word_1_72' title='bbox 386 1498 425 1558; x_wconf 90' lang='lat' dir='ltr'><strong>et,</strong></span> <span class='ocrx_word' id='word_1_73' title='bbox 445 1488 532 1563; x_wconf 88' lang='lat' dir='ltr'><strong>longe</strong></span> <span class='ocrx_word' id='word_1_74' title='bbox 544 1486 654 1545; x_wconf 84' lang='lat' dir='ltr'><strong>labsum</strong></span> <span class='ocrx_word' id='word_1_75' title='bbox 667 1495 791 1554; x_wconf 89' lang='lat' dir='ltr'><strong>temone,</strong></span> <span class='ocrx_word' id='word_1_76' title='bbox 810 1487 959 1564; x_wconf 88' lang='lat' dir='ltr'><strong>relinquit:</strong></span> 
     </span>
     <span class='ocr_line' id='line_1_13' title="bbox 232 1587 1002 1667; baseline 0.003 -20"><span class='ocrx_word' id='word_1_77' title='bbox 232 1590 296 1667; x_wconf 87' lang='lat' dir='ltr'><strong>Ipsa</strong></span> <span class='ocrx_word' id='word_1_78' title='bbox 310 1590 396 1660; x_wconf 87' lang='lat' dir='ltr'><strong>subit,</strong></span> <span class='ocrx_word' id='word_1_79' title='bbox 416 1588 605 1664; x_wconf 87' lang='lat' dir='ltr'><strong>manibusque</strong></span> <span class='ocrx_word' id='word_1_80' title='bbox 617 1587 753 1645; x_wconf 88' lang='lat' dir='ltr'><strong>undantis</strong></span> <span class='ocrx_word' id='word_1_81' title='bbox 765 1588 855 1647; x_wconf 66' lang='lat' dir='ltr'><strong>fleuit</strong></span> <span class='ocrx_word' id='word_1_82' title='bbox 868 1590 1002 1661; x_wconf 81' lang='lat' dir='ltr'><strong>habenas,</strong></span> 
     </span>
     <span class='ocr_line' id='line_1_14' title="bbox 233 1692 1028 1769; baseline 0.003 -19"><span class='ocrx_word' id='word_1_83' title='bbox 233 1692 345 1751; x_wconf 70' lang='lat' dir='ltr'><strong>Cundta</strong></span> <span class='ocrx_word' id='word_1_84' title='bbox 358 1710 468 1769; x_wconf 85' lang='lat' dir='ltr'><strong>gerens,</strong></span> <span class='ocrx_word' id='word_1_85' title='bbox 482 1708 640 1765; x_wconf 86' lang='lat' dir='ltr'><strong>vocemque</strong></span> <span class='ocrx_word' id='word_1_86' title='bbox 653 1700 683 1746; x_wconf 87' lang='lat' dir='ltr'><strong>et</strong></span> <span class='ocrx_word' id='word_1_87' title='bbox 695 1708 797 1766; x_wconf 86' lang='lat' dir='ltr'><strong>corpus</strong></span> <span class='ocrx_word' id='word_1_88' title='bbox 813 1699 843 1747; x_wconf 90' lang='lat' dir='ltr'><strong>et</strong></span> <span class='ocrx_word' id='word_1_89' title='bbox 856 1710 943 1762; x_wconf 88' lang='lat' dir='ltr'><strong>arma,</strong></span> <span class='ocrx_word' id='word_1_90' title='bbox 963 1696 1028 1752; x_wconf 89' lang='lat' dir='ltr'><strong>Me·</strong></span> 
     </span>
     <span class='ocr_line' id='line_1_15' title="bbox 310 1793 382 1851; baseline -0.014 0"><span class='ocrx_word' id='word_1_91' title='bbox 310 1793 382 1851; x_wconf 90' lang='lat' dir='ltr'><strong>tisci.</strong></span> 
     </span>
     <span class='ocr_line' id='line_1_16' title="bbox 231 1893 944 1974; baseline 0 -18"><span class='ocrx_word' id='word_1_92' title='bbox 231 1896 325 1974; x_wconf 87' lang='lat' dir='ltr'><strong>Nigra</strong></span> <span class='ocrx_word' id='word_1_93' title='bbox 338 1895 418 1954; x_wconf 90' lang='lat' dir='ltr'><strong>velut</strong></span> <span class='ocrx_word' id='word_1_94' title='bbox 430 1912 548 1973; x_wconf 90' lang='lat' dir='ltr'><strong>magnas</strong></span> <span class='ocrx_word' id='word_1_95' title='bbox 560 1893 673 1952; x_wconf 89' lang='lat' dir='ltr'><strong>domini</strong></span> <span class='ocrx_word' id='word_1_96' title='bbox 685 1914 751 1953; x_wconf 88' lang='lat' dir='ltr'><strong>cum</strong></span> <span class='ocrx_word' id='word_1_97' title='bbox 766 1895 863 1955; x_wconf 82' lang='lat' dir='ltr'><strong>divitis</strong></span> <span class='ocrx_word' id='word_1_98' title='bbox 875 1898 944 1956; x_wconf 77' lang='lat' dir='ltr'><strong>adin</strong></span> 
     </span>
     <span class='ocr_line' id='line_1_17' title="bbox 230 1997 962 2075; baseline 0.003 -18"><span class='ocrx_word' id='word_1_99' title='bbox 230 1999 369 2069; x_wconf 88' lang='lat' dir='ltr'><strong>Pervolat,</strong></span> <span class='ocrx_word' id='word_1_100' title='bbox 390 2007 419 2056; x_wconf 91' lang='lat' dir='ltr'><strong>et</strong></span> <span class='ocrx_word' id='word_1_101' title='bbox 432 1997 533 2075; x_wconf 85' lang='lat' dir='ltr'><strong>pennis</strong></span> <span class='ocrx_word' id='word_1_102' title='bbox 547 1998 603 2055; x_wconf 86' lang='lat' dir='ltr'><strong>alta</strong></span> <span class='ocrx_word' id='word_1_103' title='bbox 616 1997 687 2055; x_wconf 87' lang='lat' dir='ltr'><strong>atria</strong></span> <span class='ocrx_word' id='word_1_104' title='bbox 700 1999 808 2067; x_wconf 83' lang='lat' dir='ltr'><strong>lustrat,</strong></span> <span class='ocrx_word' id='word_1_105' title='bbox 828 1998 962 2072; x_wconf 90' lang='lat' dir='ltr'><strong>hirundo,</strong></span> 
     </span>
     <span class='ocr_line' id='line_1_18' title="bbox 232 2087 986 2177; baseline 0.003 -17"><span class='ocrx_word' id='word_1_106' title='bbox 232 2103 336 2160; x_wconf 88' lang='lat' dir='ltr'><strong>Pabula</strong></span> <span class='ocrx_word' id='word_1_107' title='bbox 349 2120 434 2177; x_wconf 85' lang='lat' dir='ltr'><strong>parva</strong></span> <span class='ocrx_word' id='word_1_108' title='bbox 447 2101 554 2177; x_wconf 86' lang='lat' dir='ltr'><strong>legens,</strong></span> <span class='ocrx_word' id='word_1_109' title='bbox 573 2099 706 2175; x_wconf 87' lang='lat' dir='ltr'><strong>nidisque</strong></span> <span class='ocrx_word' id='word_1_110' title='bbox 718 2087 885 2176; x_wconf 84' lang='lat' dir='ltr'><strong>loquacibus</strong></span> <span class='ocrx_word' id='word_1_111' title='bbox 897 2101 986 2175; x_wconf 80' lang='lat' dir='ltr'><strong>escas3</strong></span> 
     </span>
     <span class='ocr_line' id='line_1_19' title="bbox 229 2201 1037 2280; baseline 0.004 -19"><span class='ocrx_word' id='word_1_112' title='bbox 229 2206 268 2262; x_wconf 85' lang='lat' dir='ltr'><strong>Et</strong></span> <span class='ocrx_word' id='word_1_113' title='bbox 282 2223 358 2261; x_wconf 88' lang='lat' dir='ltr'><strong>nunc</strong></span> <span class='ocrx_word' id='word_1_114' title='bbox 371 2203 526 2280; x_wconf 87' lang='lat' dir='ltr'><strong>porticibus</strong></span> <span class='ocrx_word' id='word_1_115' title='bbox 540 2201 644 2271; x_wconf 85' lang='lat' dir='ltr'><strong>vacuis,</strong></span> <span class='ocrx_word' id='word_1_116' title='bbox 665 2221 742 2259; x_wconf 90' lang='lat' dir='ltr'><strong>nunc</strong></span> <span class='ocrx_word' id='word_1_117' title='bbox 754 2202 873 2261; x_wconf 90' lang='lat' dir='ltr'><strong>humida</strong></span> <span class='ocrx_word' id='word_1_118' title='bbox 886 2204 996 2264; x_wconf 89' lang='lat' dir='ltr'><strong>circum</strong></span> <span class='ocrx_word' id='word_1_119' title='bbox 1035 2239 1037 2245; x_wconf 93' lang='lat'>·</span> 
     </span>
    </p>
   </div>
   <div class='ocr_carea' id='block_1_3' title="bbox 124 2304 1002 2384">
    <p class='ocr_par' dir='ltr' id='par_1_3' title="bbox 124 2304 1002 2384">
     <span class='ocr_line' id='line_1_20' title="bbox 124 2304 1002 2384; baseline 0 -18"><span class='ocrx_word' id='word_1_120' title='bbox 124 2321 126 2326; x_wconf 86' lang='lat'>&#39;</span> <span class='ocrx_word' id='word_1_121' title='bbox 229 2309 346 2384; x_wconf 84' lang='lat' dir='ltr'><strong>Stagna,</strong></span> <span class='ocrx_word' id='word_1_122' title='bbox 367 2307 460 2364; x_wconf 88' lang='lat' dir='ltr'><strong>sonat:</strong></span> <span class='ocrx_word' id='word_1_123' title='bbox 484 2304 581 2362; x_wconf 89' lang='lat' dir='ltr'><strong>fimilis</strong></span> <span class='ocrx_word' id='word_1_124' title='bbox 594 2304 701 2362; x_wconf 85' lang='lat' dir='ltr'><strong>medios</strong></span> <span class='ocrx_word' id='word_1_125' title='bbox 714 2306 837 2382; x_wconf 89' lang='lat' dir='ltr'><strong>Juturna</strong></span> <span class='ocrx_word' id='word_1_126' title='bbox 849 2325 901 2382; x_wconf 89' lang='lat' dir='ltr'><strong>per</strong></span> <span class='ocrx_word' id='word_1_127' title='bbox 913 2307 1002 2366; x_wconf 83' lang='lat' dir='ltr'><strong>hosiis&#39;</strong></span> 
     </span>
    </p>
   </div>
   <div class='ocr_carea' id='block_1_4' title="bbox 186 2407 1100 3305">
    <p class='ocr_par' dir='ltr' id='par_1_4' title="bbox 186 2407 1100 2694">
     <span class='ocr_line' id='line_1_21' title="bbox 230 2407 1014 2486; baseline 0 -18"><span class='ocrx_word' id='word_1_128' title='bbox 230 2411 332 2468; x_wconf 89' lang='lat' dir='ltr'><strong>Fertur</strong></span> <span class='ocrx_word' id='word_1_129' title='bbox 343 2408 433 2486; x_wconf 85' lang='lat' dir='ltr'><strong>equis,</strong></span> <span class='ocrx_word' id='word_1_130' title='bbox 454 2407 609 2484; x_wconf 89' lang='lat' dir='ltr'><strong>rapidoque</strong></span> <span class='ocrx_word' id='word_1_131' title='bbox 622 2407 720 2464; x_wconf 84' lang='lat' dir='ltr'><strong>volans</strong></span> <span class='ocrx_word' id='word_1_132' title='bbox 732 2407 794 2464; x_wconf 91' lang='lat' dir='ltr'><strong>obit</strong></span> <span class='ocrx_word' id='word_1_133' title='bbox 806 2409 901 2466; x_wconf 89' lang='lat' dir='ltr'><strong>omnia</strong></span> <span class='ocrx_word' id='word_1_134' title='bbox 915 2429 1014 2479; x_wconf 71' lang='lat' dir='ltr'><strong>curruz</strong></span> 
     </span>
     <span class='ocr_line' id='line_1_22' title="bbox 229 2506 1100 2590; baseline 0.002 -20"><span class='ocrx_word' id='word_1_135' title='bbox 229 2515 352 2590; x_wconf 89' lang='lat' dir='ltr'><strong>Jamque</strong></span> <span class='ocrx_word' id='word_1_136' title='bbox 365 2511 412 2570; x_wconf 92' lang='lat' dir='ltr'><strong>hic</strong></span> <span class='ocrx_word' id='word_1_137' title='bbox 424 2528 601 2588; x_wconf 87' lang='lat' dir='ltr'><strong>germanum,</strong></span> <span class='ocrx_word' id='word_1_138' title='bbox 610 2507 729 2586; x_wconf 87' lang='lat' dir='ltr'><strong>jamque</strong></span> <span class='ocrx_word' id='word_1_139' title='bbox 740 2509 797 2579; x_wconf 91' lang='lat' dir='ltr'><strong>hic,</strong></span> <span class='ocrx_word' id='word_1_140' title='bbox 810 2511 932 2570; x_wconf 88' lang='lat' dir='ltr'><strong>ostentat</strong></span> <span class='ocrx_word' id='word_1_141' title='bbox 941 2531 1028 2572; x_wconf 88' lang='lat' dir='ltr'><strong>ovan·</strong></span> <span class='ocrx_word' id='word_1_142' title='bbox 1097 2506 1100 2518; x_wconf 82' lang='grc'><strong>’</strong></span> 
     </span>
     <span class='ocr_line' id='line_1_23' title="bbox 186 2625 382 2694; baseline 0.005 -23"><span class='ocrx_word' id='word_1_143' title='bbox 186 2687 190 2694; x_wconf 29' lang='lat'><strong>⁴</strong></span> <span class='ocrx_word' id='word_1_144' title='bbox 308 2625 366 2672; x_wconf 86' lang='lat' dir='ltr'><strong>tem</strong></span> <span class='ocrx_word' id='word_1_145' title='bbox 373 2638 382 2686; x_wconf 75' lang='lat'>3</span> 
     </span>
    </p>

    <p class='ocr_par' dir='ltr' id='par_1_5' title="bbox 228 2713 1027 3305">
     <span class='ocr_line' id='line_1_24' title="bbox 230 2713 987 2793; baseline 0.001 -19"><span class='ocrx_word' id='word_1_146' title='bbox 230 2717 295 2774; x_wconf 90' lang='lat' dir='ltr'><strong>Nec</strong></span> <span class='ocrx_word' id='word_1_147' title='bbox 308 2715 437 2774; x_wconf 85' lang='lat' dir='ltr'><strong>conferre</strong></span> <span class='ocrx_word' id='word_1_148' title='bbox 451 2733 569 2772; x_wconf 87' lang='lat' dir='ltr'><strong>manum</strong></span> <span class='ocrx_word' id='word_1_149' title='bbox 580 2713 702 2790; x_wconf 86' lang='lat' dir='ltr'><strong>patitur:</strong></span> <span class='ocrx_word' id='word_1_150' title='bbox 724 2715 801 2772; x_wconf 83' lang='lat' dir='ltr'><strong>volat</strong></span> <span class='ocrx_word' id='word_1_151' title='bbox 814 2714 878 2772; x_wconf 84' lang='lat' dir='ltr'><strong>avia</strong></span> <span class='ocrx_word' id='word_1_152' title='bbox 890 2716 987 2793; x_wconf 88' lang='lat' dir='ltr'><strong>longe.</strong></span> 
     </span>
     <span class='ocr_line' id='line_1_25' title="bbox 229 2815 948 2891; baseline -0.003 -14"><span class='ocrx_word' id='word_1_153' title='bbox 229 2819 318 2877; x_wconf 90' lang='lat' dir='ltr'><strong>Haud</strong></span> <span class='ocrx_word' id='word_1_154' title='bbox 332 2817 426 2874; x_wconf 88' lang='lat' dir='ltr'><strong>minus</strong></span> <span class='ocrx_word' id='word_1_155' title='bbox 440 2817 548 2886; x_wconf 81' lang='lat' dir='ltr'><strong>AEneas</strong></span> <span class='ocrx_word' id='word_1_156' title='bbox 563 2826 651 2873; x_wconf 82' lang='lat' dir='ltr'><strong>tortos</strong></span> <span class='ocrx_word' id='word_1_157' title='bbox 666 2815 738 2891; x_wconf 89' lang='lat' dir='ltr'><strong>legit</strong></span> <span class='ocrx_word' id='word_1_158' title='bbox 750 2816 850 2873; x_wconf 83' lang='lat' dir='ltr'><strong>obvius</strong></span> <span class='ocrx_word' id='word_1_159' title='bbox 863 2817 948 2889; x_wconf 82' lang='lat' dir='ltr'><strong>orbis,</strong></span> 
     </span>
     <span class='ocr_line' id='line_1_26' title="bbox 228 2917 1027 3000; baseline 0 -20"><span class='ocrx_word' id='word_1_160' title='bbox 228 2921 414 2999; x_wconf 83' lang='lat' dir='ltr'><strong>vestigatque</strong></span> <span class='ocrx_word' id='word_1_161' title='bbox 424 2921 527 2990; x_wconf 91' lang='lat' dir='ltr'><strong>virum,</strong></span> <span class='ocrx_word' id='word_1_162' title='bbox 541 2929 580 2988; x_wconf 89' lang='lat' dir='ltr'><strong>et,</strong></span> <span class='ocrx_word' id='word_1_163' title='bbox 593 2917 707 2995; x_wconf 71' lang='lat' dir='ltr'><strong>disjedta</strong></span> <span class='ocrx_word' id='word_1_164' title='bbox 721 2937 772 2994; x_wconf 85' lang='lat' dir='ltr'><strong>per</strong></span> <span class='ocrx_word' id='word_1_165' title='bbox 781 2919 907 2994; x_wconf 82' lang='lat' dir='ltr'><strong>agmina,</strong></span> <span class='ocrx_word' id='word_1_166' title='bbox 921 2925 1027 3000; x_wconf 70' lang='lat' dir='ltr'><strong>magni</strong></span> 
     </span>
     <span class='ocr_line' id='line_1_27' title="bbox 228 3006 996 3097; baseline 0.001 -15"><span class='ocrx_word' id='word_1_167' title='bbox 228 3025 308 3083; x_wconf 78' lang='lat' dir='ltr'><strong>voce</strong></span> <span class='ocrx_word' id='word_1_168' title='bbox 321 3035 412 3082; x_wconf 75' lang='lat' dir='ltr'><strong>vocat.</strong></span> <span class='ocrx_word' id='word_1_169' title='bbox 454 3023 577 3080; x_wconf 66' lang='lat' dir='ltr'><strong>nunus</strong></span> <span class='ocrx_word' id='word_1_170' title='bbox 590 3021 686 3078; x_wconf 72' lang='lat' dir='ltr'><strong>oeulos</strong></span> <span class='ocrx_word' id='word_1_171' title='bbox 700 3019 822 3097; x_wconf 72' lang='lat' dir='ltr'><strong>conjecit</strong></span> <span class='ocrx_word' id='word_1_172' title='bbox 835 3006 866 3078; x_wconf 79' lang='lat' dir='ltr'><strong>in</strong></span> <span class='ocrx_word' id='word_1_173' title='bbox 879 3021 996 3096; x_wconf 72' lang='lat' dir='ltr'><strong>nostem,</strong></span> 
     </span>
     <span class='ocr_line' id='line_1_28' title="bbox 228 3123 955 3202; baseline -0.004 -15"><span class='ocrx_word' id='word_1_174' title='bbox 228 3127 445 3202; x_wconf 88' lang='lat' dir='ltr'><strong>Alipedumque</strong></span> <span class='ocrx_word' id='word_1_175' title='bbox 459 3125 558 3201; x_wconf 85' lang='lat' dir='ltr'><strong>fugam</strong></span> <span class='ocrx_word' id='word_1_176' title='bbox 572 3123 655 3180; x_wconf 86' lang='lat' dir='ltr'><strong>cursu</strong></span> <span class='ocrx_word' id='word_1_177' title='bbox 669 3123 791 3180; x_wconf 88' lang='lat' dir='ltr'><strong>tentavit</strong></span> <span class='ocrx_word' id='word_1_178' title='bbox 802 3142 955 3200; x_wconf 78' lang='lat' dir='ltr'><strong>equorum3</strong></span> 
     </span>
     <span class='ocr_line' id='line_1_29' title="bbox 228 3226 827 3305; baseline -0.007 -15"><span class='ocrx_word' id='word_1_179' title='bbox 228 3229 350 3290; x_wconf 82' lang='lat' dir='ltr'><strong>Aversor</strong></span> <span class='ocrx_word' id='word_1_180' title='bbox 364 3227 558 3288; x_wconf 80' lang='lat' dir='ltr'><strong>toties-currus</strong></span> <span class='ocrx_word' id='word_1_181' title='bbox 570 3229 694 3305; x_wconf 89' lang='lat' dir='ltr'><strong>Juturna</strong></span> <span class='ocrx_word' id='word_1_182' title='bbox 707 3226 827 3286; x_wconf 80' lang='lat' dir='ltr'><strong>retorsit.</strong></span> 
     </span>
    </p>
   </div>
   <div class='ocr_carea' id='block_1_5' title="bbox 0 0 1260 3875">
    <p class='ocr_par' dir='ltr' id='par_1_6' title="bbox 0 0 1260 3875">
     <span class='ocr_line' id='line_1_30' title="bbox 0 0 1260 3875; baseline 0 4"><span class='ocrx_word' id='word_1_183' title='bbox 0 0 1260 3875; x_wconf 95' lang='lat' dir='ltr'><strong> </strong></span> 
     </span>
    </p>
   </div>
  </div>
 </body>
</html>
