2509 3875
260 369 315 419 1⁰4
514 360 788 431 AENElDOS,
940 365 1047 420 um.

257 515 316 573 Hic
335 515 444 586 domur,
467 517 528 574 haec
545 517 637 594 patria
655 518 702 576 est.
743 513 864 574 Genitor
880 511 952 572 mihi
970 511 1048 582 talla,

335 635 459 693 namque

257 719 348 776 Nunc
358 729 464 795 repeto,
484 720 624 779 Anchises
636 720 762 778 fatorum
774 736 875 778 arcana
889 716 1018 792 reliquitr

181 853 184 862 ·
259 821 361 878 Quum
375 829 414 889 te,
434 831 509 889 nate,
529 823 628 891 fames,
645 822 745 898 ignota
759 822 794 878 ad
807 819 1025 890 litoravedium,

258 922 370 979 Adcifia
381 931 466 998 coget
478 923 598 1000 dapibna
609 924 774 981 consumere
786 921 903 990 mensas,

258 1025 336 1085 Tum
350 1023 459 1099 sperare
472 1024 570 1084 domos
583 1023 716 1095 defessus,
737 1024 836 1100 ibique
848 1031 995 1081 memento

258 1123 353 1182 Prima
365 1125 459 1182 locare
471 1145 569 1195 manu,
587 1127 739 1202 molirique
752 1143 865 1203 aggere,
886 1113 968 1182 tedia.

259 1227 332 1283 Haec
344 1234 403 1283 erat
416 1226 466 1284 illa
479 1227 568 1284 sames
575 1252 584 1297 3
603 1227 665 1286 haec
679 1247 730 1286 nos
742 1226 870 1304 suprema
884 1227 1026 1293 manebat,

259 1327 373 1385 Exfiliis
384 1327 507 1404 pofitura
520 1330 647 1387 modum.

260 1430 360 1486 Quare
371 1429 458 1505 agito,
476 1440 507 1487 et
518 1429 612 1506 primo
622 1431 682 1488 laeti
695 1450 761 1490 cum
774 1430 883 1489 lumine
896 1429 968 1496 solia,

260 1531 335 1588 011ae
355 1530 427 1601 lom,
453 1531 539 1607 quire
561 1531 685 1592 habeant
707 1532 846 1601 homiues,
873 1532 924 1589 ubi
945 1530 1050 1588 moenia

338 1633 441 1709 gentis,

260 1733 458 1811 Vetiigcmua,
467 1744 497 1793 et
509 1755 525 1793 a
538 1745 623 1813 portu
636 1735 744 1794 diversa
752 1744 898 1811 petamus.

260 1837 293 1895 N
294 1856 350 1895 unc
362 1847 472 1914 paterae
483 1839 571 1897 libate
582 1839 657 1917 Jovi,
677 1838 863 1916 precibusque
876 1845 976 1895 vocate

261 1940 409 1998 Anchisen
421 1941 590 2018 genitorem,
609 1952 640 1998 et
653 1941 719 1999 vina
732 1941 861 2018 reponite
874 1940 984 1999 menfis.

212 2052 215 2059 '
299 2042 347 2100 Sic
359 2043 464 2101 deinde
475 2042 577 2102 effatur
589 2044 735 2101 frondenti
748 2057 875 2119 tempora
888 2061 967 2099 ramo

254 2144 394 2219 inplicat,
412 2154 443 2202 et
455 2144 638 2219 Geniumque
650 2144 716 2213 loci,
731 2143 910 2221 primamque
922 2144 1040 2201 deorum

260 2246 416 2312 Tellurem,
430 2246 646 2323 Nymphaeque,
663 2253 692 2302 et
705 2245 798 2325 adhuc
810 2246 909 2322 ignota
922 2254 1055 2321 precatur

262 2346 409 2403 Flumina:
432 2356 494 2403 tum
507 2346 640 2416 Nodiem,
655 2346 811 2422 Noctisque
832 2346 950 2405 orientia
964 2347 1052 2424 figna,

262 2447 428 2521 Idaeumque
444 2440 554 2524 Jovem,
579 2448 790 2525 Phrygiamque
810 2467 846 2509 ex
869 2449 967 2507 ordine
988 2450 1053 2507 Ma-

340 2559 413 2607 trem

262 2651 389 2719 Invocat,
402 2658 432 2707 et
444 2649 574 2727 duplicia,
592 2651 730 2726 Ooeloque
743 2653 900 2727 Ereboque,
913 2660 1053 2728 parentet.

262 2752 322 2810 Hic
336 2752 416 2809 Pater
428 2751 608 2827 omnipotens
621 2762 664 2809 ter
676 2754 748 2810 noelo
760 2754 850 2811 clarus
862 2756 898 2811 ab
911 2754 969 2811 alto
1059 2802 1061 2807 .

263 2853 409 2912 Intonuit:
430 2852 573 2929 radiiaque
585 2855 734 2911 ardentem
745 2854 826 2924 lucis,
845 2864 876 2913 et
887 2874 965 2925 auro,

263 2954 335 3031 lpse,
354 2974 443 3012 mauu
455 2954 594 3029 quatiens,
613 2954 734 3013 ostendit
746 2958 782 3014 ab
794 2957 900 3016 aethere
912 2960 1029 3019 nubem.

263 3054 382 3113 Diditur
394 3055 443 3114 hic
455 3055 548 3113 subito
559 3054 682 3132 Trojana
694 3076 745 3135 per
758 3058 873 3134 agmina
886 3078 991 3129 tumor,

263 3156 418 3215 Adveniffe
429 3157 516 3228 diem,
534 3176 593 3234 quo
605 3158 702 3217 debita
715 3159 821 3217 moenia
833 3163 966 3229 condant.

263 3258 405 3318 Certatim
417 3260 573 3320 instaurant
582 3261 691 3339 epulas,
711 3272 797 3339 atque
809 3264 905 3323 omine
917 3270 1023 3342 magno
1125 3296 1127 3300 ·
