2509 3875
232 337 339 388 uren
504 330 628 390 'Llss.
660 331 736 389 XII.
970 336 1035 400 199ν

232 486 361 543 Tantum
373 485 469 552 effata,
488 496 574 562 caput
587 488 690 564 glauco
701 485 830 547 contexit
842 484 957 554 amictu,

234 589 330 645 Multa
343 607 469 664 gemens,
490 605 519 645 et
533 588 561 645 sc
574 590 662 647 fluvio
674 583 727 647 dea
741 587 871 646 condidit
883 587 951 645 alto.

273 691 382 747 AEneas
394 690 478 747 instat
491 700 597 759 contin,
618 688 766 765 telumque
778 690 906 747 coruscat

234 792 339 868 Ingens
353 795 510 861 arboreum,
530 801 560 850 et
573 792 645 849 saevo
659 793 696 850 fic
708 792 821 868 pectore
834 790 923 847 fatur:

235 894 312 951 Quae
324 913 401 951 nunc
411 894 515 951 deinde
530 914 606 953 mora
620 894 677 951 est?
699 904 749 951 aut
761 892 831 969 quid
840 891 911 968 jam,
920 892 1027 961 Turne,

240 1036 250 1053 e
312 997 461 1054 remeas?

232 1097 303 1155 Non
316 1097 408 1166 cursu,
423 1097 501 1155 saevis
514 1100 683 1156 certandum
695 1097 856 1156 comminuo
868 1097 963 1155 armis.
1021 1122 1033 1147 κ

232 1199 322 1256 Verte
335 1200 426 1259 omnis
440 1210 497 1257 tete
509 1199 539 1256 in
553 1201 658 1271 facies;
680 1210 711 1257 et
723 1199 867 1273 contrahe,
887 1196 1028 1275 quidquid

234 1301 298 1358 Sive
312 1301 422 1369 animis,
443 1301 497 1359 five
516 1312 585 1370 arte,
605 1302 681 1360 vales
687 1326 696 1371 ;
708 1284 784 1377 ¹opta
797 1302 883 1359 ardua
897 1300 998 1377 pennis
1021 1305 1024 1312 '

205 1480 206 1485 ἵ
233 1404 315 1461 Astra
330 1403 419 1477 sequi,
439 1404 601 1461 clausumve
613 1404 683 1460 cart
696 1412 725 1459 te
738 1403 859 1460 condere
873 1404 954 1459 terrd.

233 1504 296 1571 Ille,
316 1515 401 1580 caput
414 1505 554 1580 quassansr
578 1505 647 1561 Non
660 1523 708 1561 me
721 1513 769 1561 tua
782 1504 891 1561 fervida
904 1513 1011 1561 terrent

234 1605 327 1677 Dicta,
339 1608 434 1677 seron
456 1606 486 1663 di
499 1625 546 1663 rue
559 1616 675 1676 terrent,
697 1622 726 1663 et
740 1606 871 1683 Juppiter
883 1607 978 1665 hostis.

273 1709 337 1765 Nec
350 1709 431 1784 plura
445 1708 554 1777 effatus,
575 1708 676 1765 saxum
688 1708 879 1783 circumspicit
891 1709 1002 1785 ingens,

235 1812 342 1867 Saxum
352 1810 511 1887 antiquum,
521 1809 623 1885 ingens
630 1834 639 1879 3
661 1828 761 1885 campo
773 1809 824 1885 qui
834 1810 907 1867 sorte
915 1808 1030 1886 jacebat

235 1912 340 1982 Limes,
361 1931 430 1989 agro
442 1911 557 1989 posrtus,
577 1910 658 1968 litem
672 1920 705 1968 ut
718 1911 889 1970 discerneret
902 1912 989 1972 arvis:

235 2015 294 2074 Vix
307 2015 379 2072 illud
392 2015 459 2072 leni
472 2013 515 2071 bis
528 2013 576 2072 sex
589 2013 699 2071 cervice
712 2012 850 2083 subirent,

235 2117 342 2176 Qualia
356 2136 432 2174 nuuc
446 2116 596 2174 hominum
609 2115 741 2192 producit
752 2135 869 2193 corpora
883 2118 981 2190 tellus;

234 2220 297 2289 Ille,
318 2239 405 2277 manu
418 2228 531 2294 raptum
544 2217 663 2293 trepide,
685 2221 834 2293 torquebat
847 2220 878 2277 in
891 2221 1010 2292 hostem,

234 2321 331 2380 Altior
341 2321 498 2398 insurgens,
518 2329 548 2376 et
561 2318 644 2376 cursu
657 2319 795 2389 concitus,
816 2320 907 2380 heros.

235 2427 289 2484 Sed
304 2443 396 2501 neque
409 2431 570 2482 currentem
583 2421 620 2488 se,
641 2441 693 2480 nec
706 2423 851 2499 cognoscit
864 2435 990 2497 euntem,

234 2529 433 2588 Tollentemve
446 2545 533 2584 manu
549 2525 706 2600 saxumque
719 2526 836 2584 inmane
849 2539 1028 2601 moventem3

235 2633 335 2688 Genua
349 2631 455 2697 labant,
475 2629 585 2705 gelidus
598 2628 742 2686 concrevit
755 2628 860 2705 frigore
873 2631 999 2708 sanguis.

234 2734 311 2790 Tum
325 2732 395 2809 lapis
408 2731 466 2808 ipse
480 2731 543 2799 viri,
563 2750 687 2790 vacuum
698 2751 749 2808 per
761 2732 846 2790 inane
858 2735 980 2803 volutus,

235 2836 300 2892 Nec
311 2835 433 2911 spatium
445 2834 532 2891 evafit
546 2843 650 2902 totum,
669 2853 722 2892 nec
735 2835 852 2909 pertulit
865 2836 964 2894 ictum.

234 2941 280 2996 Ac
293 2937 415 2995 velutin
430 2936 543 3004 somnis,
562 2936 659 2994 oculos
672 2936 724 2992 ubl
736 2936 873 3013 languida
885 2939 982 3014 pressit

233 3041 327 3098 Nocte
339 3039 429 3115 quies,
450 3039 644 3114 nequidquam
657 3039 753 3097 avidos
767 3042 921 3098 extendere
933 3043 1030 3101 cursus

233 3143 316 3200 Velle
326 3121 468 3210 ridemur,
487 3152 517 3199 et
530 3142 560 3198 iu
575 3141 676 3199 mediis
689 3141 838 3200 conatibus
850 3143 921 3220 aegri

232 3245 408 3302 succidimus
414 3268 423 3315 3
447 3262 503 3301 uon
516 3244 616 3319 lingua
631 3245 714 3314 valet,
735 3263 792 3302 uon
806 3265 922 3324 corpore
933 3257 1011 3310 notre
