2509 3875
253 362 281 403 v.
295 352 362 403 253.
459 386 464 397 t
565 345 666 405 LlB.
706 346 744 405 X.
995 350 1052 401 203

253 500 472 581 Tuuiguaeque
485 504 576 572 urbes,
596 501 746 579 bijugique
757 501 795 558 ad
807 499 889 558 frena
901 499 997 557 leones
1001 522 1011 569 3
1105 542 1110 548 .

247 604 300 660 'ru
313 604 385 661 mibi
399 624 476 663 nunc
487 605 619 682 princeps
632 624 749 681 pugnae,
770 612 803 661 tu
815 602 870 660 rite
878 601 1051 679 propinques

252 705 428 782 Augurium,
437 706 655 784 Phrygibusque
664 707 735 768 adfis
743 705 826 782 pede,
833 704 907 773 diva,
916 704 1049 763 secundo.

249 806 380 865 Tantum
393 806 495 867 effatus
502 834 510 879 ς
532 818 562 866 et
574 808 685 866 interea
697 807 825 865 revoluta
838 809 948 874 ruebat,

251 910 368 969 Matura
376 908 439 986 jam
450 910 524 980 luce,
545 910 615 978 dies,
634 909 942 985 nouemque‘sugarat.

290 1011 443 1088 Principio,
462 1012 544 1071 sociis
557 1012 654 1083 edicit,
675 1013 754 1089 tigna
769 1010 933 1087 sequantur,

250 1114 350 1191 Atque
362 1114 473 1173 animoa
485 1122 585 1192 aptent
597 1115 691 1183 armia,
703 1132 865 1192 pugnaque
875 1122 978 1189 parent
990 1113 1028 1173 se.

249 1218 373 1295 Jamque
384 1218 415 1275 in
428 1216 580 1295 conspeetu
591 1218 718 1275 Teucros
729 1217 827 1287 habet,
846 1225 877 1275 et
889 1216 939 1274 sua
951 1218 1047 1288 castra,

250 1320 333 1377 Stans
345 1318 419 1378 celsa
430 1319 462 1378 in
475 1320 579 1397 puppi:
602 1320 727 1397 clipeum
739 1338 807 1378 cum
820 1319 925 1377 deinde
941 1318 1049 1377 finistri

250 1422 364 1479 Extulit
376 1423 534 1481 ardentem.
574 1422 739 1481 Clamorem
751 1424 789 1480 ad
802 1423 891 1481 fidera
904 1424 1010 1482 tollunt

250 1522 423 1580 Dardanidae
435 1542 452 1581 e
464 1524 565 1581 muris:
587 1524 649 1601 spes
661 1525 758 1582 addita
770 1524 887 1583 sumat
898 1526 968 1584 iraa:

250 1624 322 1681 Tela
336 1643 425 1682 manu
432 1623 560 1701 jaciunt:
583 1625 681 1701 quales
692 1624 745 1683 sub
756 1627 882 1684 nubibus
894 1628 962 1685 atriu

250 1725 421 1801 strymonio
433 1728 503 1784 dant
515 1727 593 1803 tigna
608 1744 701 1803 grues,
713 1734 801 1802 atque
813 1727 919 1786 aetbera
932 1738 1047 1789 tranant

250 1828 328 1885 Cum
341 1826 444 1897 sonitu,
464 1828 641 1905 fugiuntque
653 1837 736 1887 notor
748 1829 873 1887 clamore
885 1830 1017 1890 secundo.

248 1930 293 1989 At
306 1930 414 1989 Rutulo
427 1928 497 2008 regi,
518 1928 696 2008 ducibusque
708 1950 742 1989 ea
753 1931 826 1988 mira
837 1930 929 1991 videri

248 2033 396 2104 Ausoniis,
419 2036 510 2093 donoc
523 2034 612 2092 versas
624 2033 662 2092 ad
673 2034 758 2092 litora
770 2034 873 2112 puppis

247 2136 423 2216 Respiciuut,
443 2145 596 2213 totumque
609 2135 705 2194 adlabi
717 2136 847 2196 claffibus
860 2157 967 2213 aequor.

246 2241 424 2325 Ardet-apex
437 2240 535 2317 capiti,
555 2238 701 2317 cristisque
714 2260 731 2298 a
744 2241 851 2299 vertioe
862 2243 979 2301 flamma

245 2343 396 2414 Funditur,
417 2352 448 2402 et
459 2343 549 2402 vastos
561 2345 651 2401 umbo
663 2343 755 2402 vomit
767 2362 869 2402 aureus
881 2343 976 2422 ignea:

245 2446 278 2504 N
278 2466 315 2504 on
328 2446 416 2514 secus,
435 2465 468 2504 ac
480 2445 591 2522 liquida
603 2446 624 2504 sr
637 2447 751 2522 quando
763 2447 845 2506 noae
858 2457 978 2522 cometa

246 2548 402 2626 Sanguinei
413 2549 536 2625 lugubre
549 2550 669 2619 rubent3
689 2558 739 2607 aut
750 2548 838 2608 Sirius
851 2551 935 2608 ardor

245 2649 307 2718 Ille,
327 2650 403 2708 fitim
415 2653 583 2726 morbosque
596 2649 691 2708 ferens
704 2638 872 2709 mortalibus
883 2653 978 2729 aegris,

245 2750 391 2820 Nascitur,
411 2761 440 2808 et
453 2752 525 2808 laevo
537 2751 685 2809 contristat
696 2752 807 2810 lumine
819 2753 935 2810 coelum.

251 2927 254 2933 Ι
283 2851 371 2910 Haud
383 2861 480 2912 tamen
493 2852 593 2911 audaci
606 2854 708 2911 Turno
721 2854 827 2911 fiducia
839 2852 919 2910 eeffit

244 2953 342 3022 Litora
355 2954 515 3031 precipere,
535 2964 565 3012 et
577 2954 720 3012 venientia
732 2955 838 3030 pellere
851 2954 937 3011 terri.

243 3057 330 3116 Ultro
342 3055 451 3114 animos
464 3056 540 3114 tollit
553 3056 644 3124 dietis,
663 3065 749 3132 atque
765 3057 894 3131 increpat
907 3056 1000 3116 ultro:

244 3159 334 3230 Quod
346 3158 420 3218 votis
433 3158 555 3236 optastis,
575 3158 660 3224 adest,
679 3157 855 3234 perfringere
868 3158 978 3218 dextra.

244 3265 278 3322 In
292 3259 424 3328 manibus
436 3261 514 3320 Mars
526 3259 595 3336 ipse,
610 3259 673 3317 viri.
712 3259 801 3318 Nunc
813 3257 941 3338 conjugis
953 3262 1011 3321 esto
