2509 3875
196 334 224 377 v.
238 324 305 376 882.
496 322 595 381 LIB.
635 324 689 382 xl.
933 321 991 381 263

195 472 343 533 Moenibua
356 474 390 534 in
399 476 507 553 patriis,
527 484 613 555 atque
629 478 705 536 inter
717 456 780 536 tuta
792 478 953 547 domorum,

155 590 158 597 ’
195 574 320 645 Consixi,
339 578 483 655 exspirant
496 580 612 639 animas.
648 582 713 638 Pars
726 580 857 637 claudere
868 587 978 655 portat,

86 682 88 695 '
194 676 259 735 Nec
272 676 354 736 sociis
367 680 476 757 aperire
489 682 575 750 viam,
595 700 649 739 nec
661 682 804 739 moenibus
817 681 925 739 audent

194 777 337 854 Adcipere
350 782 469 841 orantis:
491 783 639 859 oriturque
651 782 808 841 miserrima
821 783 912 841 caedes

194 879 409 941 Defendentum
422 884 506 942 armis
520 885 622 953 aditus,
640 884 728 960 inque
740 903 819 943 arma
832 892 974 943 ruentum.

193 982 316 1051 Exclusi,
339 994 406 1043 ante
428 987 524 1044 oculos
544 987 801 1064 lacrimantumque
818 1006 868 1045 ora
888 1006 988 1065 paren·

219 1104 222 1113 ·
272 1094 344 1157 tum,

194 1186 259 1243 Pars
271 1186 303 1243 in
316 1188 469 1265 praecipitis
481 1189 573 1259 sosias,
592 1199 714 1267 urgente
727 1189 820 1259 ruini,

193 1287 341 1346 Volvitur:
364 1289 482 1348 inmiffis
494 1310 557 1367 pars
569 1311 643 1349 caeca
656 1301 686 1348 et
699 1291 811 1349 ooncita
824 1290 913 1349 frenis

191 1388 305 1449 Arietat
318 1390 349 1447 in
361 1402 464 1467 portas,
485 1403 524 1460 et,
544 1393 627 1451 duros
640 1391 740 1468 objice,
760 1393 859 1469 postes.

191 1490 263 1567 Ipsae
276 1492 312 1549 de
325 1492 413 1549 muris
427 1492 538 1550 summo
551 1494 706 1551 certamine
717 1503 832 1562 matres,

191 1592 346 1662 (Monstrat
359 1613 437 1651 amor
450 1613 532 1652 verus
545 1594 657 1671 patriae)
670 1604 703 1652 ut
713 1595 809 1652 videre
819 1594 986 1665 Camillam,

190 1694 263 1753 Tela
276 1714 364 1753 manu
377 1696 496 1771 trepidae
505 1694 631 1772 jaciunt,
653 1715 686 1753 ac
699 1697 798 1753 robore
811 1696 883 1753 duro

191 1796 340 1873 stipitibus
352 1798 469 1869 ferrum,
490 1798 663 1873 sudibusque
676 1797 827 1865 imitantur
839 1797 953 1867 obustis,

191 1898 352 1976 Praecipites
355 1924 365 1972 3
386 1900 542 1976 prirnaeque
555 1899 628 1958 mori
641 1918 692 1976 pro
705 1898 848 1958 moenibns
860 1900 970 1960 ardent.

229 2002 350 2072 Interea,
364 1989 541 2060 Turnumin
555 2001 629 2060 silvis
641 2001 803 2060 saeviffimus
814 2001 908 2078 inplet

189 2101 326 2170 Nuntius,
340 2113 370 2160 et
377 2101 477 2180 juveni
490 2102 639 2180 ingentem
653 2102 710 2160 sert
718 2105 797 2160 Acca
811 2090 981 2162 tumultum:

189 2203 306 2262 Deletas
320 2198 488 2262 Volscorum
501 2203 582 2274 acies,
601 2203 731 2262 cecidisse
743 2204 907 2274 Camillam,

187 2306 326 2384 Ingruere
339 2305 464 2364 infensos
476 2305 570 2375 hostis,
590 2315 619 2362 et
633 2306 729 2364 Marte
745 2305 868 2364 secundo

188 2402 295 2467 Omnia
308 2407 491 2484 conripuisse:
513 2416 622 2466 metum
633 2406 694 2482 jam
706 2409 743 2466 ad
754 2407 861 2466 moenia
873 2407 949 2466 ferri.

187 2511 240 2569 Ille
253 2512 359 2582 furens,
379 2521 408 2570 et
421 2511 492 2586 saeva
505 2511 582 2588 Jovis
596 2512 633 2569 lic
645 2511 764 2568 numina
776 2511 904 2587 poscunt,

188 2611 301 2670 Deserit
313 2613 432 2670 obsessos
444 2613 533 2681 collis,
553 2630 670 2670 nemora
682 2612 778 2688 aspera
790 2612 906 2688 linquit.

187 2711 247 2770 Vix
259 2731 276 2770 e
288 2713 439 2789 conspettu
452 2713 569 2782 exierat,
588 2731 779 2788 campumque
792 2714 921 2771 tenebat:

188 2816 263 2873 Cum
277 2825 357 2893 pater
369 2817 486 2886 AEneas,
507 2815 593 2873 saltus
606 2815 742 2891 ingressus
756 2823 876 2890 apertos,

187 2903 401 2994 Exsuperatque
409 2915 524 2992 jugum,
545 2916 669 2991 filviqne
681 2915 779 2973 evadit
790 2915 889 2992 opaci.

187 3018 234 3076 Sic
246 3011 331 3076 ambo
343 3019 380 3076 ad
392 3035 487 3076 muros
499 3017 600 3094 rapidi,
622 3025 739 3091 totoque
751 3016 885 3074 fnunmr

186 3120 323 3196 Agmine,
343 3139 396 3178 nec
409 3118 502 3196 longis
514 3119 590 3176 inter
603 3118 631 3175 se
643 3117 764 3194 patlibus
778 3113 894 3188 absunt,

186 3224 232 3280 Ac
245 3223 327 3282 fimul
342 3221 449 3281 AEneas
462 3221 599 3280 fumantis
611 3220 728 3299 pulvere
740 3238 853 3298 campos
