2509 3875
214 306 243 347 r.
257 285 325 344 568.
517 284 616 345 LIB.
656 286 709 345 IX.
931 296 1009 349 ..103

214 441 353 507 Ardentis
366 441 452 500 taedas
465 442 514 501 alii
527 443 564 501 ad
576 442 689 518 fastigia
697 440 816 519 jattant.

254 544 380 603 Ilioneus
393 545 460 605 saxo
473 555 560 623 atque
572 545 686 623 ingenti
698 546 842 622 fragmine
853 529 959 604 montis

214 648 378 719 Lucetium,
397 657 487 726 portae
497 649 676 717 subeuntem,
695 631 827 725 ignisque
839 650 989 721 ferentem,

215 750 388 811 Emathiona
402 751 496 827 Liger,
517 752 690 827 Corynaeum
703 752 802 809 sternit
814 751 930 827 Asylarr

213 852 273 911 Hie
282 850 379 927 jaculo
391 852 492 920 bonus,
512 850 560 910 hic
573 852 658 929 longe
671 853 790 911 fallente
803 853 925 930 sagitti;

213 953 371 1031 Ortygium
384 954 514 1022 Caeneus,
534 953 672 1011 vistorem
683 956 787 1012 Caenea
799 956 930 1024 Tamum

213 1057 329 1113 Turnus
351 1056 436 1131 Itym,
461 1055 665 1132 Cloniumque,
684 1056 874 1135 Dioxippum,
893 1058 1011 1118 Promo*

291 1158 419 1233 tumque,

121 1244 124 1249 ⁵
213 1258 252 1319 Et
260 1259 397 1336 Sagarim,
408 1268 448 1328 et,
458 1258 576 1319 summis
585 1261 705 1319 stantem
716 1280 768 1337 pro
775 1260 910 1330 turribus,
918 1262 989 1319 Idan
996 1279 1010 1332 ;'

212 1363 382 1440 Privernum
390 1364 496 1439 Capys:
518 1363 596 1421 hunc
605 1364 698 1440 primo
708 1364 779 1421 levis
791 1364 868 1422 hasta
875 1364 1007 1445 Temillae

214 1466 385 1523 strinxerat:
407 1464 457 1522 ille
470 1484 588 1523 manum
601 1463 725 1541 projetto
738 1466 865 1541 tegmine
878 1467 996 1525 demens

212 1568 262 1625 Ad
274 1567 376 1624 volnus
389 1567 473 1623 tulit:
496 1585 563 1642 ergo
576 1567 627 1623 alis
640 1566 753 1624 adlabsa
766 1567 878 1643 sagitta,

212 1671 257 1728 Ut
269 1670 341 1728 laevo
354 1670 447 1727 adfixa
460 1670 500 1727 est
512 1669 595 1727 lateri
608 1688 722 1738 manns;
743 1671 896 1746 abditaque
908 1671 988 1751 intus

212 1771 389 1847 spiramenta
402 1772 506 1829 animae
518 1770 597 1829 letali
610 1770 726 1827 volnere
736 1772 854 1847 rumpit.

252 1874 349 1931 Stabat
362 1872 393 1929 in
406 1872 528 1949 egregiis
541 1871 675 1929 Arcentis
688 1871 765 1928 filins
777 1873 862 1929 armis
869 1897 878 1944 ς

211 1975 305 2033 Ρὶἂιιε
319 1994 371 2032 acu
384 1975 574 2050 chlamydem,
587 1984 616 2032 et
629 1973 775 2049 ferrugine
785 1974 1005 2044 clarusHiberd,

211 2077 334 2153 Insignis
347 2076 437 2146 facie3
459 2075 571 2151 genitor
584 2095 671 2151 quem
684 2074 798 2132 miserat
810 2076 928 2145 Arcens,

210 2179 353 2238 Eduttum
368 2177 470 2236 Matris
484 2178 558 2245 luco,
579 2176 732 2253 Symaethia
747 2177 854 2236 circum

209 2281 358 2339 Fiumina:
381 2279 496 2358 pinguis
510 2279 570 2348 ubi,
590 2289 620 2336 et
633 2278 789 2356 placabilis,
808 2299 856 2338 ara
870 2280 967 2339 Palici.

210 2383 382 2440 Stridentem
397 2381 525 2451 fundam,
545 2381 643 2458 positis
655 2382 818 2439 Mezentius
834 2383 928 2454 hastis,

209 2485 273 2561 Ipse
287 2495 330 2540 ter
343 2484 463 2542 adducta
477 2483 586 2540 circum
599 2493 687 2559 caput
699 2484 759 2561 egit
774 2484 898 2556 habenis3

209 2587 248 2642 Et
261 2584 355 2642 media
368 2585 474 2642 adversi
487 2585 642 2660 liquefacto
655 2597 782 2662 tempora
794 2588 916 2662 plumbo

210 2685 335 2758 Diffidit,
357 2707 390 2744 ac
402 2687 493 2744 multi
505 2687 666 2762 porredtum
678 2688 808 2744 extendit
821 2689 917 2745 areni.

247 2787 326 2842 Tum
338 2787 464 2861 primum
480 2788 554 2844 bello
572 2788 693 2844 celerem
707 2788 858 2874 intendisse
871 2789 1005 2871 sagittam

208 2881 336 2956 Dicitur,
355 2889 508 2948 anteferas
523 2888 620 2946 solitus
635 2898 739 2946 terrere
752 2889 880 2964 fugaces,

209 2989 356 3057 Ascanius,
376 2991 537 3064 fortemque
548 3008 635 3047 manu
649 2989 750 3046 fudisse
763 2990 794 3046 N
796 3007 950 3058 umanum;

209 3091 267 3150 Cui
281 3091 403 3150 Remulo
416 3077 575 3166 cognomen
589 3098 664 3159 erat3
685 3090 834 3164 Turnique
845 3089 986 3151 minorem

208 3197 391 3262 Germauam,
408 3211 499 3268 nuper
513 3191 638 3250 thalamo
651 3190 781 3259 sociatus,
794 3190 927 3253 habebat.
