2509 3875
210 352 319 417 v.577.
528 345 629 404 LIB.
668 345 722 404 VI.
975 351 1012 403 85

212 501 321 560 Saevior
331 499 411 558 intus
422 500 512 558 habet
523 500 633 558 sedern:
656 509 718 558 turn
730 500 865 558 Tartarus
878 499 938 576 ipse

209 604 260 662 Bis
277 613 357 680 patet
373 604 406 661 in
422 623 548 681 praeceps
564 613 688 672 tantum,
709 603 857 678 tenditque
876 602 928 661 sub
945 621 1011 662 um·

291 709 363 776 bras,
707 702 711 707 ’

212 811 350 868 Quantus
363 810 399 867 ad
412 809 562 867 aethrrium
575 808 641 866 coeli
654 807 795 885 suspectus
808 808 979 886 Olympum.

211 913 274 970 Hic
286 931 377 990 genus
390 912 542 988 antiquum
554 914 660 983 Terrae,
681 913 798 971 Titania
812 913 909 989 pubes,

211 1015 346 1074 Fulmine
357 1015 468 1091 dejecti,
487 1017 580 1073 fundo
593 1016 749 1074 volvuntur
760 1015 792 1072 in
805 1015 875 1074 imo.

211 1119 274 1177 Hic
286 1129 317 1176 et
329 1119 448 1177 Ateius
460 1119 599 1195 geminos,
618 1118 755 1186 inmania,
775 1117 845 1186 un,
966 1099 969 1104 “

212 1223 355 1298 Corpora:
377 1222 429 1298 qui
441 1222 574 1279 manibus
583 1241 723 1298 magnum
735 1219 894 1278 rescindere
906 1220 1011 1278 ooelum

210 1325 356 1401 Adgreffi,
375 1324 538 1401 superisque
550 1327 652 1402 Jovem
665 1325 815 1382 detrudere
829 1324 932 1400 regnis.

211 1428 284 1485 Vidi
296 1437 326 1484 et
339 1428 461 1485 crudelis
473 1429 591 1485 dantem
604 1429 752 1486 Salmonea
766 1445 872 1503 poenas,

212 1532 295 1588 Dum
307 1531 437 1588 flammas
449 1529 535 1607 Jovis,
554 1539 584 1587 et
598 1530 705 1588 sonitus
717 1530 848 1588 imitatur
859 1528 990 1605 Olympi.

214 1634 350 1690 Quatuor
362 1633 434 1691 hicc’
446 1633 576 1691 incestus
587 1633 677 1710 equis,
689 1643 721 1691 et
731 1633 862 1709 lampada
872 1631 1011 1708 quaffanst

213 1738 268 1794 Per
280 1735 402 1794 Graidm
413 1737 542 1813 populos,
561 1736 720 1812 mediaeque
735 1754 785 1812 per
798 1735 889 1792 Elidis
899 1736 1010 1804 urbem,

214 1841 281 1897 ibat
293 1857 388 1908 ovans,
407 1839 562 1914 divomque
575 1839 627 1896 sibi
640 1837 773 1915 poscebat
785 1836 933 1896 honorem.

215 1943 357 2001 Demensl
379 1943 430 2019 qui
441 1942 564 2015 nimbos,
584 1953 614 2001 ct
626 1962 686 2001 non
698 1940 838 1999 imitabile
851 1940 971 2008 fulmen,

214 2046 298 2117 AEre‚
318 2056 348 2103 et
361 2047 548 2123 cornipedum
559 2045 645 2123 pulsu
658 2044 800 2105 simularat
812 2061 960 2118 equorum.

214 2152 258 2208 At
270 2158 351 2225 pater
362 2149 543 2225 omnipotens
556 2148 641 2206 densa
653 2149 729 2206 inter
741 2146 840 2203 nubila
854 2146 945 2212 telum

215 2252 374 2323 contorfit;
395 2271 455 2309 non
467 2242 518 2309 ille
530 2252 615 2321 faces,
635 2270 689 2309 nec
700 2251 798 2308 fumea
811 2249 892 2307 taedis
945 2235 946 2239 ἵ
970 2302 972 2306 ,

215 2355 356 2427 Lumina3
376 2354 613 2432 praecipitemque
624 2353 736 2411 inmani
748 2352 864 2411 turbine
876 2352 982 2431 adegit.

215 2460 281 2519 Nec
292 2478 350 2517 non
360 2468 391 2516 et
399 2458 519 2535 Tityon,
530 2459 627 2515 Terrae
636 2456 841 2535 omniparentis
853 2457 1013 2531 alumnum,

216 2564 341 2620 Cernere
352 2570 427 2621 erat:
449 2580 502 2637 per
514 2571 575 2619 tota
587 2580 692 2619 novem
704 2560 751 2618 cui
759 2558 861 2639 jugera
874 2579 975 2637 corpus

215 2665 391 2741 Porrigimrz
413 2664 556 2740 rostroque
568 2664 693 2723 inmanis
705 2664 802 2721 voltur
814 2665 936 2731 obunco,

215 2768 374 2827 Inmortale
382 2766 465 2844 jecur
477 2768 606 2835 tondens,
627 2768 806 2843 fecundaque
817 2751 910 2841 poenis

216 2872 343 2940 Viscera,
362 2870 539 2946 rimaturque
551 2870 652 2947 epulis,
672 2870 840 2944 habitatque
852 2867 904 2923 sub
916 2865 975 2923 alto
993 2904 996 2908 -

216 2975 346 3033 Peiiore:
369 2992 423 3031 nec
435 2974 513 3031 fibris
525 2974 637 3049 requies
649 2976 732 3031 datur
744 2971 804 3029 ulla
816 2967 930 3027 renatis.

104 3060 108 3073 ⁹
218 3077 302 3136 Quid
314 3096 472 3135 memorem
485 3077 631 3153 Lapithas,
645 3076 755 3141 Ixiona,
768 3070 1001 3146 Pirithoumque?

219 3180 304 3238 Quos
316 3180 400 3258 super
412 3189 472 3237 atra
485 3180 555 3237 filex
563 3178 624 3254 jam
634 3176 696 3253 jam
708 3175 828 3242 labsum,
847 3174 1016 3251 cadentique

218 3282 349 3348 Inminet
359 3282 510 3348 adfimilis:
531 3283 630 3342 lucent
642 3276 802 3360 genialibus
815 3276 878 3337 altis
