2509 3875
342 633 623 706 P.'v1uG1L11
654 651 881 713 MARONIS

400 823 824 908 AENEIDOS

422 1097 547 1147 LIBER
581 1103 796 1154 SEPTIMUS.

474 1363 747 1403 *-

208 1603 270 1682 Tu
284 1647 397 1704 quoque
409 1630 541 1688 litoribus
553 1631 661 1699 nostiis,
680 1631 787 1688 AEneia
800 1630 906 1700 nutrix,

208 1733 366 1790 AEteruam
378 1735 501 1792 moriens
512 1737 631 1803 famam,
651 1735 760 1804 Caieta,
780 1733 878 1792 dedisti
883 1759 892 1804 i

207 1834 248 1889 Et
260 1852 338 1891 nune
349 1833 441 1892 servat
453 1836 543 1894 honos
556 1837 652 1894 sedem
665 1847 739 1906 tuus,
759 1836 872 1910 offaque
886 1853 990 1892 nomen

208 1935 348 2012 Hesperia
361 1935 391 1993 iu
405 1939 519 2013 magnai,
539 1940 630 2014 siqua
643 1939 683 1995 est
696 1958 728 1993 ea
743 1935 842 2011 gloria,
864 1935 962 2011 signat.

208 2038 251 2092 At
263 2037 328 2113 pius
339 2038 481 2115 exsequiis
494 2041 602 2097 AEneaa
615 2041 670 2097 rite
682 2038 787 2105 solutis,

207 2140 325 2215 Aggere
338 2141 481 2215 conpofito
501 2142 614 2211 tumuli,
635 2141 782 2217 postquam
797 2138 853 2197 alta
867 2132 1001 2213 quieruut

206 2241 345 2317 AEquora,
367 2243 460 2299 tendit
472 2243 527 2300 iter
539 2243 618 2313 velis,
638 2254 808 2319 portumque
821 2240 967 2315 relinquit.

206 2343 363 2419 Adspirant
374 2363 450 2401 aurae
462 2344 492 2401 in
506 2346 628 2414 nouiem,
648 2364 701 2402 nec
714 2344 834 2403 candida
847 2343 943 2401 cursus

205 2446 288 2502 Luna
302 2456 401 2521 negat;
422 2446 551 2522 splendet
564 2448 686 2503 tremulo
700 2446 751 2503 sub
763 2447 873 2503 lumine
887 2456 1000 2523 pontus.

243 2546 376 2604 Proxima
388 2548 505 2603 Circaeae
517 2549 656 2605 raduntur
667 2548 750 2605 litora
765 2560 859 2618 terrae3

203 2648 293 2706 Dives
306 2649 457 2705 inacceffos
470 2649 520 2705 ubi
533 2649 602 2706 Solis
616 2649 675 2707 filia
689 2650 767 2707 lucos

203 2752 331 2808 Adfiduo
344 2750 456 2807 resonat
468 2761 563 2819 cantu,
587 2751 725 2827 uelisque
738 2751 864 2829 superbis

203 2852 272 2910 Urit
285 2854 433 2910 odoratam
445 2853 582 2910 nouiurua
595 2853 627 2909 in
640 2853 750 2910 lumina
764 2853 890 2916 cedrum,

203 2955 317 3031 Arguto
331 2954 424 3010 tenuis
436 2971 602 3029 percurrens
614 2954 727 3030 pefflne
740 2952 818 3009 telas.

202 3056 282 3113 Hinc
294 3055 424 3113 exaudiri
437 3055 561 3130 gemitus
573 3055 679 3130 iraeque
691 3056 817 3121 leonum,

202 3159 306 3217 Vincla
319 3157 515 3225 recusantum‚'
527 3163 556 3214 et
569 3157 629 3215 seri
644 3157 695 3213 sub
708 3155 790 3213 noste
803 3154 970 3227 rudentum
