2509 3875
290 266 349 323 258
538 260 815 335 AENEIDOS,
978 266 1079 332 mal.

292 416 391 493 thue
403 416 501 475 volana
511 418 569 477 alte
582 427 697 495 raptum
708 437 776 477 cum
789 416 868 476 fulva
880 419 1034 477 draconem

291 518 358 577 Fert
377 518 482 594 aquila,
505 518 697 598 inplicuitqne
714 522 811 598 podera
836 529 923 597 atque
941 519 1084 597 unguibus

369 618 462 691 lraefit3

292 721 409 780 Saucius
422 732 453 779 at
464 722 576 800 serpens
589 722 698 781 srnnosa
709 723 857 781 volumina
868 722 970 792 versat,

293 823 480 901 Adreffiaque
492 824 588 883 horret
601 825 735 901 squamis,
754 836 785 883 et
797 825 891 883 libilat
902 842 960 893 ore,

292 925 407 983 Arduua
421 924 584 1002 insurgens:
606 927 655 984 illa
668 927 745 984 hand
756 927 852 985 minue
862 936 965 1003 urguet
973 928 1089 984 obunco

293 1026 466 1085 nouantem
478 1028 564 1085 rostro
568 1053 576 1099 3
599 1028 682 1085 fimol
694 1028 799 1086 athera
810 1031 939 1087 verberat
951 1028 1021 1085 alis:

293 1128 381 1185 Haud
393 1128 475 1185 aliter
487 1129 612 1205 praedam
622 1129 779 1187 Tiburtum
789 1148 826 1187 ex
839 1130 956 1206 agmine
965 1131 1080 1188 Tarcho

294 1229 390 1287 Portat
408 1246 504 1287 ovano.
544 1230 634 1288 Ducis
652 1232 817 1307 exemplum
835 1240 1029 1306 eventumque
1048 1232 1090 1289 se-

372 1329 443 1398 cuti,

295 1429 449 1489 Maeonidae
462 1431 619 1491 incurrunt.
658 1434 747 1509 Tum,
765 1434 832 1492 satis
844 1435 966 1503 debitus,
979 1437 1091 1495 Arrana

295 1532 441 1603 Velocem,
457 1531 555 1610 jaculo
567 1544 597 1592 et
609 1536 701 1592 multa
712 1536 790 1611 prior
806 1545 876 1606 arte,
895 1537 1055 1596 Camillam

296 1634 408 1694 Circuit
412 1660 422 1709 3
442 1645 481 1706 et,
494 1655 559 1712 quae
572 1636 606 1693 srt
617 1636 734 1695 fortuna
743 1637 890 1707 facillima,
909 1647 1012 1697 tentat.

297 1738 366 1796 Qua
378 1739 407 1795 se
419 1756 544 1813 cumque
554 1738 653 1795 furens
664 1739 759 1795 medio
772 1738 840 1796 tulit
851 1738 967 1815 agmine
979 1739 1089 1818 virgo,

297 1840 362 1897 Hac
376 1840 486 1897 Arruns
499 1838 582 1907 subit,
605 1848 635 1897 et
648 1839 750 1897 tacitus
762 1840 879 1916 vestigia
891 1840 1003 1911 lustrat3

298 1943 369 2000 Qud
377 1941 480 2000 vidirix
491 1941 565 2000 redit
576 1941 635 2012 illa,
649 1942 807 2018 pedemque
816 1961 853 1999 ex
865 1943 944 2001 hoste
955 1955 1094 2021 reportat,

298 2045 363 2101 Hac
372 2042 485 2120 juvenis
498 2043 602 2102 furtim
614 2043 713 2101 celeria
725 2044 875 2118 detorquet
887 2045 1031 2104 habenas:

299 2146 361 2202 Hos
373 2145 476 2216 aditus,
492 2144 610 2222 jamque
623 2145 674 2202 hos
686 2145 789 2217 aditus,
809 2165 981 2224 omnemque
998 2168 1095 2226 perer·

415 2257 459 2305 rat
476 2279 479 2284 ·
538 2271 541 2278 “

300 2347 436 2423 Undique
458 2348 613 2406 circuitum
620 2373 631 2419 ς
658 2357 689 2405 et
708 2358 815 2406 certam
839 2351 934 2426 quatit
955 2351 1096 2428 inprobus

415 2449 532 2508 hastam.

338 2551 431 2622 Forte,
444 2551 520 2608 sacer
528 2553 653 2630 Cybelae,
664 2553 812 2623 Chloreus,
822 2555 948 2632 olimque
957 2555 1096 2630 sacerdos,

300 2653 422 2732 lnsrguis
433 2654 519 2730 longe
534 2653 665 2732 Phrygiis
675 2656 849 2732 fulgebat-in
861 2659 956 2728 armis,

301 2761 543 2836 Spumantemque
551 2759 677 2833 agitabat
684 2778 790 2834 equum
796 2785 805 2831 3
819 2779 906 2836 quem
915 2763 1097 2838 pelliaadnis

300 2864 334 2922 ln
349 2862 477 2940 plumam
490 2859 622 2936 squamis,
641 2880 711 2918 auro
724 2861 860 2933 conserta,
880 2867 1005 2940 tegebat.

300 2965 373 3041 Ipse,
393 2963 543 3042 peregrini
555 2963 700 3038 ferrugine
712 2965 812 3035 clarus,
832 2976 863 3022 et
874 2967 956 3039 ostro,

301 3068 414 3144 Spicula
427 3068 579 3143 torquebat
590 3066 679 3142 Lycio
691 3067 832 3144 Gortynia
841 3088 944 3142 comu3

302 3171 413 3228 Aureus
426 3189 463 3228 ex
476 3169 601 3228 humeris
613 3169 694 3228 sonat
704 3188 795 3241 arcus,
814 3182 845 3230 et
856 3191 941 3232 aurea
949 3175 1014 3234 vati
