2509 3875
969 149 1186 160 ---.-.-—.-.-——,

208 349 235 388 v.
245 334 315 400 471.
509 329 610 389 LIB.
648 329 701 388 Vl.
967 337 1002 390 81

207 484 309 542 Quam
322 485 345 542 fi
356 485 428 542 dura
441 485 519 554 silex,
538 492 589 542 aut
601 486 654 543 stet
666 485 807 562 Marpefia
820 494 929 546 cautes:

204 588 340 645 Tandem
353 588 497 665 couripuit
509 588 577 658 sese,
596 598 683 664 atque
695 589 813 646 inimica
826 589 935 667 refugit

203 691 241 747 lu
255 711 357 748 nemus
369 691 561 751 umbriferum
565 717 574 762 5
596 690 723 767 conjunx
735 693 785 749 ubi
801 693 935 768 pristinus
948 693 993 752 illi
1058 711 1064 722 ·

203 793 371 870 Respondet
383 794 467 863 curis,
487 804 637 871 aequatque
651 796 783 871 Sychaeus
797 814 932 853 amorem.

201 898 271 954 Nec
283 897 380 954 minus
392 897 511 966 AEueas,
532 896 599 954 casu
610 898 752 974 perculsus
764 898 875 972 iniquo,

202 1000 386 1075 Prosequitur
397 1000 549 1058 lacrimans
562 1000 659 1074 louge,
672 1010 701 1056 et
714 1000 863 1058 miseratur
875 1008 1001 1060 euntem.

243 1104 315 1160 Inde
328 1105 428 1160 datum
437 1104 556 1160 molitur
568 1104 638 1160 iter:
656 1102 775 1180 jamque
787 1123 852 1162 arva
866 1108 1003 1164 tenebant

202 1206 326 1274 Ultima,
345 1226 410 1281 quae
422 1207 498 1264 bello
509 1207 580 1281 clari
592 1207 698 1264 secreta
710 1208 904 1282 frequentant.

201 1309 261 1366 Hic
273 1309 317 1366 illi
331 1310 454 1367 occurrit
466 1311 592 1386 Tydeus,
611 1311 659 1368 hic
672 1311 798 1368 inclutus
811 1311 896 1370 armis

200 1413 430 1488 Parthenopaeus,
449 1423 480 1469 et
492 1414 606 1471 Adrasti
618 1415 752 1490 pallentis
764 1415 870 1491 imago.

200 1515 270 1584 Hic,
290 1517 417 1574 multum
430 1517 493 1573 fleti
506 1517 543 1574 ad
555 1517 678 1593 superos,
699 1519 832 1593 belloque
845 1519 955 1586 caduci,

200 1618 388 1677 Dardanidae:
410 1639 481 1694 quoe
494 1619 545 1676 ille
556 1620 650 1678 omnis
670 1620 757 1696 longo
769 1620 869 1678 ordine
881 1640 998 1680 cerneus

199 1722 358 1797 Ingemuit,
385 1723 595 1798 Glaucumque,
621 1724 829 1806 Medontaque,
855 1715 998 1782 Thersilo-

278 1824 432 1900 chumque,

197 1927 264 2009 Tris
278 1929 479 2007 Antenoridas,
499 1929 655 2006 Cererique
677 1928 787 1988 sacrum
800 1929 995 2006 Polyphoeten‚

198 2032 376 2107 Idaeumque,
394 2032 483 2091 etiam
496 2053 603 2103 currus,
624 2034 712 2091 etiam
726 2051 813 2102 arma,
828 2042 985 2090 tenentem.
1048 2093 1051 2098 ,

198 2133 391 2194 Circumstant
404 2135 509 2193 auimae
521 2137 631 2205 dextri,
650 2134 789 2211 laevdque,
809 2135 982 2208 frequenteS.

196 2238 262 2296 Nec
274 2238 372 2296 vidisse
385 2238 472 2297 semel
485 2237 552 2295 satis
564 2239 618 2295 est:
637 2236 720 2313 juvat
733 2257 822 2313 usque
834 2238 948 2307 morari,

196 2326 378 2399 Et‘eonferre
390 2332 523 2417 gradum,
542 2350 573 2398 et
585 2341 719 2398 veniendi
733 2341 838 2399 discere
850 2341 964 2401 caussae.

195 2443 239 2500 At
251 2444 386 2501 Danaum
403 2462 542 2520 proceres,
562 2444 857 2521 Agamemnoniaeque
873 2445 993 2521 phalan'-

271 2555 332 2622 ἔω)

194 2648 239 2707 Ut
251 2648 348 2705 videre
360 2648 463 2719 virum,
481 2649 681 2725 fulgentiaque
694 2669 772 2709 arma
785 2670 835 2727 per
848 2654 972 2721 umbrae,

192 2750 312 2827 Ingenti
324 2752 466 2830 trepidare
478 2738 571 2809 metu:
593 2771 658 2827 pars
672 2763 780 2811 vertere
794 2764 883 2829 terga,

194 2855 257 2912 Ceu
270 2855 416 2928 quondam
428 2854 537 2929 petiere
550 2855 618 2912 ratis
622 2878 632 2927 3
653 2874 716 2931 pars
730 2856 829 2913 tollere
841 2873 941 2912 vocem

192 2956 352 3032 Exiguam3
373 2955 505 3034 inceptus
517 2958 624 3015 clamor
637 2959 784 3017 frustratur
796 2956 912 3013 hiantis.
1005 2964 1008 2973 ’

206 3124 210 3128 ,
231 3061 331 3135 Atque
341 3059 391 3117 liic
404 3059 573 3129 Priamiden,
592 3062 732 3119 laniatum
752 3068 868 3135 corpore
880 3066 950 3126 toto,

192 3161 377 3238 Deiphobum
390 3162 472 3230 vidit,
491 3164 618 3221 lacerum
631 3163 784 3221 crudeliter
796 3179 854 3231 ora,

193 3266 263 3335 Ora,
273 3283 431 3340 manusque
438 3267 549 3340 ambas3
563 3267 754 3343 populataque
764 3270 890 3339 tempora
900 3265 988 3341 raptis
1000 3273 1007 3279 ”

272 3372 346 3415 vor..
361 3373 399 3414 11.
578 3380 582 3385 ·
634 3372 654 3410 a
