2509 3875
240 335 298 400 iod
485 311 801 412 tENEIDOS,¹
925 347 1032 412 v.173.

238 495 297 552 Hic
309 495 415 572 sceptra
429 497 567 575 adcipeie,
587 508 617 556 et
629 500 734 577 primos
751 494 990 574 adtoliere'fascis,
1031 521 1036 530 ·

237 597 364 673 Regibus
375 618 459 656 omen
473 612 546 658 erat:
569 603 624 659 hoc
637 601 692 659 iilis
705 599 784 658 curia
802 599 951 675 templum,

237 700 293 755 Hae
306 699 389 758 sacris
401 701 479 760 sedes
490 703 595 779 epulis:
616 704 674 774 hic,
694 704 782 761 ariete
793 701 873 770 eaeso,

236 801 383 877 Perpetuis
394 803 469 860 soliti
481 814 575 880 patres
586 805 729 862 considere
741 804 851 862 mensis.

237 903 320 961 Quin
332 905 421 962 etiam
432 916 562 964 veterum
574 907 685 984 effigies
698 925 735 964 ex
747 906 846 964 ordine
859 911 976 963 avorum

235 1005 366 1081 Antiqui
378 1025 395 1063 e
407 1008 499 1076 cedro,
519 1009 673 1084 Italusque,
693 1017 830 1084 paterque
844 1007 963 1064 Sabinus

233 1107 379 1176 Vitisator,
398 1129 515 1168 curvam
529 1112 641 1170 servans
653 1110 706 1168 sub
718 1110 844 1186 imagine
857 1111 971 1181 falcem,
1031 1119 1034 1132 ¹

232 1210 424 1286 Saturnusque
436 1211 531 1282 senex,
551 1213 674 1290 Janique
685 1213 817 1270 bifrontis
831 1212 936 1290 imago,

230 1312 377 1369 Vestibulo
392 1314 550 1384 adstabant,
572 1315 678 1391 aliique
691 1317 727 1372 ab
738 1314 850 1390 origine
863 1333 952 1392 reges,

230 1413 395 1490 Martiaque
407 1419 445 1473 ob
456 1417 578 1493 pandam
589 1417 745 1492 pugnando
757 1416 871 1474 volnera
885 1416 960 1492 paffi.

230 1515 384 1591 Multaque
395 1526 530 1592 praeterea
543 1518 626 1575 sacris
639 1517 670 1574 in
683 1517 807 1593 postibus
819 1536 906 1586 arma,

230 1616 344 1692 Captivi
357 1620 484 1694 pendent
497 1638 605 1688 currus,
624 1639 773 1695 curvaeque
787 1619 905 1689 secures,

196 1794 199 1798 ,
228 1719 268 1776 Et
279 1719 367 1776 cristae
379 1721 515 1797 capitum,
532 1730 562 1778 et
570 1730 720 1798 portarum
732 1701 862 1797 ingentia
874 1720 1001 1790 claustra,

228 1821 407 1896 Spiculaque,
427 1823 578 1899 clipeique,
598 1833 752 1899 ereptaque
764 1823 849 1881 rostra
862 1822 976 1880 carinis.
1021 1843 1031 1880 x

227 1922 291 2001 Ipse
305 1924 452 1983 Quirinali
465 1925 548 1995 lituo,
568 1925 711 2001 parvique
724 1924 844 1982 sedebat.

227 2027 390 2085 Succinctus
403 2028 508 2097 nabet,
528 2026 656 2103 laevique
670 2026 762 2084 ancile
775 2028 891 2102 gerebat
1016 2038 1017 2043 ’

226 2129 316 2198 Picus,
334 2131 442 2204 equdm
452 2129 589 2186 domitor:
611 2146 698 2203 quem
710 2137 792 2205 capta
805 2127 937 2204 cupidine
950 2146 1018 2187 con-

298 2229 374 2306 junx

224 2331 321 2388 Aurei
333 2330 491 2407 percussum
503 2332 593 2409 virga,
614 2331 783 2408 versumque
796 2333 920 2401 venenis,

224 2434 304 2491 Fecit
317 2454 398 2492 avem
411 2434 504 2502 Circe,
524 2435 678 2511 sparsitque
690 2434 830 2493 coloribus
842 2436 908 2493 alas.

260 2535 327 2592 Tali
340 2535 417 2592 intus
430 2536 538 2611 templo
551 2536 657 2605 divom,
678 2534 825 2613 patriique
839 2536 958 2595 Latinus

222 2638 293 2695 Sede
306 2637 412 2706 sedens,
431 2638 555 2695 Teucros
567 2638 603 2694 ad
615 2637 673 2695 sese
686 2638 717 2694 in
730 2638 803 2695 testa
816 2638 941 2710 vocavit,
1001 2642 1003 2647 ’

221 2743 320 2816 Atque
332 2740 394 2797 haec
406 2739 533 2815 ingreffis
545 2738 658 2814 placido
670 2740 747 2815 prior
759 2738 849 2796 edidit
862 2758 924 2797 ore:
1021 2794 1025 2798 .

259 2842 366 2910 Dicite,
394 2839 582 2911 Dardanidae3
611 2858 704 2916 neque
725 2840 805 2899 enim
825 2842 965 2900 nescimus
984 2846 1026 2901 etss

336 2946 447 3014 urbem,

220 3048 258 3103 Et
271 3065 369 3123 genus,
390 3045 538 3121 auditique
551 3044 696 3103 advertitis
709 3032 821 3121 aequore
834 3046 961 3119 cursum3

221 3148 303 3205 Quid
314 3148 427 3225 petitis?
448 3166 513 3223 quae
525 3146 616 3205 caussa
631 3156 712 3215 rates,
732 3148 782 3205 aut
794 3148 873 3225 cujus
887 3154 1024 3227 egentes,

219 3252 303 3310 Litus
315 3253 351 3310 ad
363 3251 526 3310 Ausonium
539 3259 583 3309 tot
594 3270 646 3327 per
658 3250 729 3310 vada
741 3252 844 3314 caerula
858 3254 953 3312 vexit?
