2509 3875
268 339 307 402 7⁰
528 330 806 401 AENEIDOS,
952 347 980 387 r.
999 325 1063 400 176.

268 486 412 563 Praecipue
424 488 487 563 pius
500 487 625 546 AEneasz
648 497 709 546 tum
720 487 791 565 jutia
805 484 929 562 Sibyllae,

268 591 356 649 Haud
369 609 458 661 mora,
478 592 613 649 festinant
625 593 736 656 flentes,
754 583 892 666 'aramque
905 585 1026 664 sepulcri

269 695 432 774 congerere
445 695 601 763 arboribus,
620 696 749 771 coeloque
762 695 883 769 educere
895 698 1015 749 certant.

308 798 371 854 Itur
380 798 412 854 in
423 798 572 873 antiquam
584 799 693 869 silvam,
713 797 820 856 stabula
834 796 891 854 alta
904 796 1043 852 serarum:

269 903 463 959 Procumbunt
475 902 577 978 piceae:
600 901 690 970 sonat,
711 901 767 959 ina
780 899 932 968 securibus,
952 880 1023 954 ileu:

270 1003 474 1078 Fraxineaeque
487 1005 580 1060 trabes
593 1003 699 1070 cuneis,
719 1013 749 1061 et
761 1001 842 1060 fiffile
855 1003 941 1058 robur

270 1104 429 1162 Scinditur:
451 1105 608 1163 advolvunt
618 1105 746 1182 ingentis
759 1102 903 1161 montibus
916 1118 1009 1158 ornos.

270 1207 302 1264 N
302 1225 335 1263 ee
348 1225 407 1264 non
419 1207 528 1264 AEncas
541 1225 626 1283 opera
639 1207 715 1265 inter
728 1207 796 1263 talia
809 1205 918 1281 primus

270 1310 412 1381 Hortatur
425 1308 522 1377 socios,
543 1309 716 1385 paribusque
729 1307 893 1383 adcingitur
906 1304 1000 1364 armis.

271 1416 372 1487 Atque
384 1412 445 1470 haec
458 1411 519 1488 ipse
533 1411 583 1469 suo
597 1411 668 1469 tristi
682 1431 750 1470 cum
762 1411 846 1468 corde
860 1411 979 1478 volutat,

271 1513 447 1590 Adspetians
457 1513 555 1571 silvam
568 1514 736 1583 inmensam,
749 1523 780 1570 et
791 1513 829 1570 tic
842 1531 911 1572 voce
922 1517 1065 1588 precatur:

273 1617 302 1672 Si
316 1635 392 1672 nunc
405 1616 434 1673 se
447 1615 529 1674 nobis
542 1616 591 1674 ille
604 1634 704 1674 aureus
716 1617 815 1673 arbore
828 1633 923 1672 ramus

272 1717 413 1776 Ostendat
425 1736 541 1776 nemore
555 1717 585 1775 in
600 1719 693 1775 tanto!
716 1719 831 1794 quaudo
844 1716 941 1774 omnia
953 1733 1019 1772 vere

273 1821 355 1878 Heu!
377 1821 502 1878 nimium
514 1821 550 1877 de
563 1830 593 1878 te
605 1831 692 1892 vates,
713 1821 834 1889 Misene‚
854 1820 951 1876 locuta
963 1817 1012 1874 est,

273 1923 334 1981 Vix
347 1943 380 1981 ea
393 1922 470 1982 satus
482 1932 551 1994 erat,
572 1923 696 2000 geminae
708 1942 799 2000 quum
813 1921 887 1980 forte
899 1920 1039 1978 columbae

273 2026 338 2104 Ipsa
351 2026 465 2084 subura
479 2026 532 2083 viri
545 2027 618 2083 coelo
631 2044 733 2083 venere
745 2025 882 2091 volantes,

274 2131 312 2186 Et
324 2128 410 2186 viridi
423 2129 510 2186 sidere
523 2129 590 2186 solo.
630 2130 708 2185 Turn
721 2145 871 2183 maxumus
884 2125 966 2181 heros

273 2232 419 2286 Matemas
431 2229 579 2305 adgnoscit
591 2228 660 2298 avis,
679 2230 819 2304 laetusque
831 2236 977 2303 precatur:

271 2331 338 2387 Este
350 2331 446 2399 duces,
466 2331 497 2386 oi
519 2330 540 2387 si
553 2349 610 2405 qua
623 2330 670 2388 via
682 2330 730 2406 est,
744 2328 916 2405 cursumque
928 2346 978 2404 per
990 2346 1071 2387 auras

273 2432 399 2507 Dirigite
410 2431 443 2488 in
454 2432 543 2500 lucos,
563 2432 614 2489 ubi
626 2430 766 2508 pinguem
778 2430 857 2488 dives
869 2438 971 2507 opacat

274 2536 381 2591 liumus
392 2532 531 2591 humum:
554 2544 654 2609 tuque,
667 2534 697 2591 οΙ
719 2532 814 2591 dubiis
828 2552 865 2590 ne
877 2533 967 2591 defice
979 2534 1074 2603 rebus,

273 2636 348 2693 Diva
361 2654 471 2713 parens.
512 2636 558 2692 Sic
571 2636 674 2693 effatus
687 2636 802 2712 vestigia
816 2635 926 2713 preffit3

273 2738 442 2806 Observans,
454 2758 519 2813 quae
533 2738 612 2813 signa
625 2740 728 2806 serant,
741 2757 800 2814 quo
812 2739 928 2795 tendere
941 2746 1072 2815 pergant.

274 2842 422 2900 Pascentes
434 2840 492 2912 illae
505 2850 619 2899 tantum
632 2841 745 2917 prodire
757 2840 889 2908 volando,

276 2947 428 3003 Quantum
441 2943 503 3001 acie
514 2943 624 3019 possent
636 2943 713 3001 oculi
726 2942 835 3001 servare
848 2942 1027 3018 sequentum.

274 3048 357 3116 Inde,
376 3048 427 3104 ubi
439 3064 543 3104 venere
554 3047 591 3103 ad
603 3046 700 3103 fauces
714 3044 901 3121 graveolentis
914 3045 1033 3114 Averni,
1182 3106 1183 3121 ἶ

274 3149 395 3206 Tollunt
408 3148 437 3205 se
449 3147 566 3217 celerem
587 3146 787 3223 liquidumque
800 3164 851 3223 per
861 3149 923 3204 aira
937 3147 1031 3217 labsae‚
1069 3156 1072 3161 “
1182 3158 1183 3165 ³

276 3252 393 3309 sedium
403 3251 507 3327 optatis
520 3250 644 3328 geminae
656 3248 738 3326 super
751 3251 849 3307 arbore
862 3249 955 3306 fidunt
960 3270 970 3321 3
1058 3296 1062 3302 .
