2509 3875
254 302 347 380 14,
516 298 793 369 autumnos,
933 307 1050 371 esau,

252 451 376 511 Luderet
386 454 504 525 AEueaa,
523 454 574 530 qui
588 464 616 513 te
629 464 726 513 tamen
738 465 787 513 ore'
798 454 929 525 referrem
1027 471 1029 475 ·
1043 469 1048 477 ·

251 554 324 613 Non,
334 555 467 629 equidem
479 556 597 613 omnino
609 568 701 633 capta,
721 576 755 615 ac
766 557 884 624 deserta,
901 557 1026 617 viderer.

288 656 422 714 Dixerat:
444 656 494 715 ille
506 657 584 735 Jovis
596 658 713 715 monitis
725 658 834 715 inmota
848 659 964 715 tenebat

250 758 382 827 Lumina,
402 768 432 815 et
443 758 566 817 obnixus
578 777 676 816 curam
689 759 834 817 subcorde
845 761 1001 835 premebat.

247 860 377 919 Tandem
389 878 478 937 pauca
489 860 589 917 refert:
613 862 675 935 Ego
688 869 726 929 te,
739 879 804 935 quae
815 860 939 935 plurima
951 860 1045 919 fando

247 963 422 1021 Enumerare
435 960 519 1029 vales,
540 980 707 1036 numquam,
727 962 848 1037 Regina,
867 965 979 1038 negabo

246 1062 445 1133 Promeritam;
468 1082 520 1121 nec
534 1082 580 1121 me
593 1064 752 1121 meminisse
768 1064 881 1143 pigebit
893 1066 995 1135 Eliffae,

246 1166 325 1223 Dum
336 1184 446 1223 memor
452 1164 511 1240 ipse
521 1165 588 1233 mei,
599 1166 669 1222 dum
678 1165 791 1241 spiritus
802 1166 852 1229 bos
864 1168 939 1243 regit
951 1177 1042 1227 artus.

244 1269 299 1325 Pro
311 1287 341 1325 re
353 1286 442 1343 pauca
454 1266 563 1341 loquar.
589 1266 694 1341 Neque
705 1286 760 1343 ego
773 1267 847 1325 banc
866 1267 1042 1327 abscondere

320 1369 398 1425 furto

244 1470 368 1547 Speravi,
382 1489 418 1527 ne
430 1470 517 1545 finge,
538 1470 652 1545 sugam,
675 1488 728 1527 uec
741 1470 871 1547 conjugis
884 1490 1029 1548 umquam

243 1572 383 1632 Praetendi
396 1574 491 1641 taedas,
510 1582 559 1630 aut
574 1573 636 1629 baec
647 1573 679 1629 in
692 1572 797 1631 soedera
811 1576 885 1632 veui.

242 1677 295 1735 Me
309 1676 329 1733 st
342 1677 400 1733 sata
413 1676 484 1733 meis
496 1683 661 1751 paterentur
673 1676 776 1733 ducere
788 1677 879 1734 vitam

241 1778 395 1854 Auspiciis,
415 1788 445 1835 et
458 1778 557 1853 sponte
569 1777 634 1835 mea
646 1797 806 1854 conponere
818 1799 915 1852 curas,

240 1882 351 1942 Urbem
363 1880 517 1959 Trojanam
528 1880 664 1957 primum,
684 1881 831 1958 dulcisque
843 1900 971 1942 meorum

240 1985 395 2062 Reliquias,
414 1986 551 2055 colerem;
573 1983 678 2041 Priami
691 1985 764 2042 tetta
776 1986 833 2043 alta
845 1997 1014 2060 manerent,

238 2090 276 2146 Et
288 2089 412 2147 recidiva
423 2106 511 2145 manu
526 2086 675 2162 posuissem
688 2089 824 2164 Pergama
836 2089 927 2148 viffia.

238 2193 292 2250 Sed
304 2209 381 2248 nunc
394 2190 507 2249 Italiam
520 2207 656 2265 magnam
668 2190 799 2267 Gryneus
811 2192 927 2268 Apollo,

238 2295 252 2351 Ι
256 2294 354 2352 taliam
368 2293 464 2368 Lyciae
473 2291 575 2368 jussere
589 2292 727 2367 capessere
741 2292 837 2353 sortes.

111 2471 113 2480 χ
237 2396 322 2456 Hice*
330 2414 418 2464 arnor,
430 2395 491 2452 hac
502 2395 593 2472 patria
605 2395 655 2452 esi.
675 2395 705 2452 Si
718 2406 746 2453 te
757 2397 940 2474 Carthaginis
952 2417 1033 2460 areca

237 2497 415 2568 Phoenissam,
436 2497 606 2574 Libycaeque
619 2498 763 2574 adspeeius
776 2500 886 2557 detinet
898 2501 989 2573 urbis;

238 2601 314 2659 Quae
329 2602 444 2658 tandem
455 2599 583 2660 Ausonii
595 2599 720 2658 Teucros
731 2603 873 2660 confidere
884 2605 960 2662 terra

236 2705 349 2764 Invidia
362 2706 416 2762 est?
438 2705 476 2762 Et
488 2723 539 2761 nos
551 2703 593 2762 sas
606 2714 841 2779 extera-quaerere
853 2725 949 2783 regna.

235 2809 289 2867 Me
301 2809 388 2885 patris
401 2807 544 2876 Anchisae,
563 2807 675 2883 quoties
686 2807 870 2866 humentibus
879 2811 989 2868 umbria

236 2913 268 2972 N
269 2930 307 2972 oa
318 2911 408 2989 operit
422 2921 517 2978 terras,
536 2910 648 2986 quoties
658 2911 729 2968 astra
741 2911 825 2986 ignea
838 2911 969 2989 surgunt,

216 3009 217 3012 '
235 3017 382 3072 Admonet
393 3016 424 3072 in
437 3013 541 3072 somnis
554 3024 583 3070 et
596 3013 710 3070 turbida
723 3024 809 3070 terret
822 3015 928 3097 imago.
1041 3055 1043 3060 -

235 3116 288 3174 Me
300 3135 371 3192 puer
383 3117 531 3186 Ascanius,
551 3115 710 3192 capitisque
724 3116 829 3193 injuria
841 3118 908 3188 cari,

236 3219 334 3278 Quem
346 3233 434 3296 regno
447 3216 592 3294 Hesperie
604 3217 717 3293 fraudo,
733 3228 764 3275 et
775 3218 909 3278 fatalibus
921 3221 1003 3278 arvia
