2509 3875
191 209 232 303 'v.
249 251 314 316 147.
497 244 595 303 ms.
634 242 705 305 xn.
941 250 997 314 271

206 400 275 457 Qua
287 398 345 457 visa
358 399 398 457 est
410 399 534 457 Fortuna
547 400 618 475 pati,
638 401 787 473 Parcaeque
800 398 928 456 sinebant

204 501 313 558 Cedere
325 520 368 559 res
381 502 473 572 Latio,
486 503 628 570 Turnum,
649 511 679 559 et
691 510 740 559 tua
753 501 867 571 moenia,
883 502 955 558 texis

205 602 294 659 Nunc
303 602 438 679 juvenem
450 602 596 679 inparibus
607 603 692 662 video
703 620 869 660 concurrere
881 601 958 673 fatis,

204 705 411 780 Parcarumque
423 704 491 773 dies,
512 714 541 761 et
553 705 595 762 vis
607 704 733 775 inimica,
750 704 932 786 propinquat.
1039 769 1044 775 ,

206 806 274 864 Non
295 824 423 883 pugnam
442 806 584 883 adspicere
604 806 678 864 hanc
690 806 791 874 oculis,
810 824 868 863 non
881 806 997 876 foedera,

235 982 238 993 y
283 908 407 983 potlum:

205 1010 263 1079 Tu,
283 1028 335 1086 pro
348 1028 483 1085 germano
495 1010 516 1066 fi
529 1010 599 1085 quid
611 1009 779 1085 praesentius
789 1008 884 1078 audes,

208 1112 310 1187 Perge3
333 1112 423 1169 decet.
464 1112 567 1169 Forsan
580 1112 695 1169 miseros
707 1111 825 1168 meliora
838 1110 998 1186 sequentur.

206 1212 265 1270 vix
277 1232 319 1282 ea,
340 1232 431 1289 quum
442 1213 572 1271 lacrimas
585 1213 674 1281 oculis
687 1214 809 1289 Juturna
821 1213 950 1288 profudit
957 1238 966 1283 3
995 1225 997 1230 '

206 1314 328 1391 Terque,
348 1323 513 1390 quaterque,
533 1332 620 1371 manu
638 1314 736 1390 petina
754 1315 886 1391 percuffit
898 1308 1014 1373 hones?

286 1426 360 1475 tum.

208 1520 277 1578 Non
290 1519 413 1579 lacrimis
426 1520 481 1577 hoc
494 1528 615 1595 tempas,
635 1518 675 1576 ait
688 1520 820 1577 Saturnia
830 1521 922 1598 Juno:

208 1623 361 1692 Adcelera;
383 1632 413 1679 et
424 1623 549 1689 fratrem,
569 1620 589 1678 fi
603 1622 667 1697 quis
679 1623 789 1690 modus,
807 1623 885 1699 eripe
897 1624 1002 1682 morti:

207 1724 271 1783 Aut
285 1735 316 1781 tu
329 1724 403 1783 bolla
416 1725 468 1792 oie,
488 1736 715 1801 conceptumque
727 1736 831 1782 excute
843 1726 943 1784 soedus.

208 1828 318 1885 Audtor
330 1846 384 1904 ego
397 1824 530 1885 audendi.
571 1827 615 1884 Sic
627 1827 777 1885 exhortata
790 1828 905 1903 reliquit
918 1841 921 1845 ·

208 1930 359 2000 Incertam,
379 1941 408 1988 et
421 1928 492 1988 tristi
505 1932 648 1988 turbatam
660 1930 775 1989 volnere
787 1931 899 1990 mentis.

249 2035 361 2092 Interea
373 2046 452 2110 reges
458 2057 467 2105 3
487 2033 599 2110 ingenti
611 2034 689 2091 mole
701 2033 819 2091 Latinus

211 2136 391 2212 Quadrijago
403 2137 517 2194 vehitur
528 2155 621 2205 curru,
641 2136 689 2193 cui
702 2144 829 2212 tempora
841 2137 952 2196 circum

209 2237 315 2297 Aurati
328 2237 431 2295 bissex
445 2237 517 2296 radii
530 2238 672 2314 fulgentia
684 2237 814 2315 cingunt,

210 2341 283 2399 Solia
295 2341 341 2399 avi
355 2341 494 2418 specimen
501 2365 510 2412 ;
532 2341 605 2416 bigis
618 2341 643 2398 it
654 2341 768 2399 Turnus
778 2341 810 2418 in
823 2337 911 2412 albis

209 2443 282 2502 Bina
295 2460 382 2502 manu
394 2444 452 2501 lato
464 2444 587 2520 crispans
600 2443 709 2501 hastilia
722 2444 811 2502 ferro:

210 2545 289 2604 Hinc
302 2557 384 2622 pater
394 2547 511 2614 AEneas‚
532 2549 668 2604 Romanae
680 2547 771 2624 stirpis
782 2549 872 2625 origo,

212 2647 325 2706 Sidereo
338 2650 463 2726 flagrans·
471 2649 563 2726 clipeo
576 2659 606 2706 et
618 2650 774 2708 coelesiibus
787 2652 887 2720 armis3

211 2751 249 2808 Et
259 2749 343 2827 juxta
356 2751 504 2823 Ascanius,
524 2770 639 2829 magnae
650 2751 711 2828 spes
724 2753 811 2810 altera
826 2755 939 2809 Romae:

212 2853 370 2912 Procedant
383 2855 487 2926 castris;
509 2856 637 2932 purique
648 2856 681 2912 in
694 2855 767 2913 veste
780 2855 905 2912 sacerdos
1002 2860 1005 2897 ἶ

212 2957 339 3034 Saetigori
352 2958 445 3015 fetum
458 2958 523 3026 suis,
542 2958 740 3032 intonsamque
752 2957 907 3025 bidentem,

211 3059 336 3128 Adtulit,
356 3061 539 3136 admovitque
550 3079 636 3138 pecus
648 3059 835 3135 flagrantibus
847 3061 911 3117 aris.
950 3084 952 3088 ’

210 3161 268 3231 Illi,
288 3163 323 3220 ad
337 3161 499 3239 surgentem
511 3163 636 3222 conversi
645 3162 758 3220 lumina
771 3162 867 3229 solem,
