2509 3875
268 318 327 373 aaa
530 311 808 383 numos,
967 312 1079 388 eam.

307 466 428 528 Adcidit
441 468 502 527 lucc
515 468 590 529 sellis
603 468 692 527 etiarn
705 469 821 528 fortuna
833 469 957 539 Latinis,

270 572 345 629 Quae
359 580 449 629 totam
462 571 541 629 ludu
554 572 692 629 concullit
705 570 836 629 funditus
848 575 964 631 urbem.
1083 652 1087 657 ι

270 674 390 751 Regina,
410 684 443 731 ut
456 672 537 732 tediis
547 673 710 731 venientem
724 674 861 751 prospicit
872 674 996 746 hostem,

269 775 369 835 lucelli
383 794 487 845 muros,
506 774 583 851 ignis
596 776 632 833 ad
646 776 718 833 tosta
731 774 836 843 volare,

270 880 422 955 Nusquam
430 878 503 935 acies
510 886 608 935 contra
618 877 748 946 Rutulas,
758 878 837 935 nulla
846 878 1084 955 agminaTurni‚

271 980 379 1039 Infelix
391 998 496 1057 pugnae
504 976 642 1057 juvenem
654 978 686 1035 iu
699 980 858 1037 certamine
870 981 961 1039 credit

271 1080 461 1153 Exstiulitum3
483 1090 521 1150 et,
542 1080 637 1139 subito
651 1092 778 1138 mentem
793 1085 905 1140 turbata
918 1084 1033 1156 dolore,

272 1188 306 1245 Se
315 1184 437 1243 caussam
447 1183 742 1259 clamatcrimenque,
750 1196 904 1261 caputque,
912 1187 1084 1263 malorum5

271 1288 424 1363 Multaque
438 1305 487 1362 per
500 1287 628 1345 maestum
643 1286 759 1345 demens
772 1286 858 1345 effata
871 1289 1013 1362 furorem,

271 1394 429 1467 Purpureos
441 1389 578 1447 moritura
591 1408 680 1445 manu
692 1388 827 1447 discindit
840 1390 971 1462 analdus,

273 1496 310 1554 Et
323 1494 429 1551 nodum
444 1491 575 1561 informis
588 1492 640 1549 leti
654 1494 733 1549 trabe
746 1494 835 1551 nectit
847 1496 884 1551 ab
897 1494 967 1553 nltb.

273 1600 372 1659 Quam
385 1597 496 1655 cladem
509 1594 618 1653 miserae
628 1594 786 1671 postquam
797 1596 932 1673 adcepere
945 1600 1083 1661 Latiuae:
1167 1611 1169 1632 ¹

272 1696 343 1761 Filia
357 1701 447 1778 prima
462 1718 549 1757 marm
562 1698 647 1755 floros
661 1698 779 1757 Lavinia
793 1700 888 1768 crinis,

273 1807 311 1865 Et
324 1805 413 1863 roseas
426 1802 532 1862 laniata
546 1820 643 1878 genas,
664 1810 728 1859 tum
740 1812 832 1859 cetera
846 1803 957 1863 circum

272 1906 380 1978 Turba,
401 1908 487 1966 furit:
509 1890 641 1964 resonant
654 1906 712 1964 late
725 1906 910 1984 plangoribus
923 1909 1011 1969 aedes.

273 2013 352 2072 Hinc
366 2023 457 2070 totam
470 2010 572 2070 infelix
585 2009 717 2086 volgatur
729 2011 806 2068 fama
819 2031 870 2087 per
882 2014 996 2072 urbem.

273 2116 441 2174 Demittunt
454 2115 557 2174 mentis
562 2142 570 2188 ;
593 2113 617 2170 it
631 2106 712 2171 sciffd
725 2115 798 2172 vesle
812 2115 942 2183 Latinus,

273 2217 411 2295 Conjugia
424 2217 569 2276 adtonitus
582 2217 659 2284 fatis,
679 2217 815 2294 urbisque
828 2219 920 2284 ruini,

272 2321 419 2378 Canitiem
432 2321 572 2380 inmundo
585 2320 729 2397 perfusam
741 2322 857 2397 pulvere
871 2332 1004 2398 turpans:

273 2423 427 2498 Multaque
441 2422 469 2480 se
482 2410 602 2493 incusat,
622 2424 745 2499 quinon
760 2425 904 2501 adceperit
915 2437 985 2484 ante

274 2525 452 2585 Dardanium
466 2527 592 2595 AEneau‚
605 2546 801 2605 generumque
813 2530 963 2588 adsciverit
977 2533 1072 2595 nllro.

313 2631 435 2699 Interea,
455 2640 585 2688 extremo
597 2631 719 2689 bellator
730 2632 761 2689 in
775 2652 898 2709 aequore,
910 2635 1031 2694 Turnus

277 2735 400 2796 Palantia
413 2733 539 2810 sequitur
550 2752 664 2811 paucos,
680 2735 742 2812 jam
754 2735 876 2812 segnior,
897 2746 984 2812 atque

275 2841 340 2916 Jam
353 2839 457 2906 miuus,
471 2848 557 2913 atque
570 2837 676 2906 minus,
690 2838 816 2898 successu
827 2841 911 2897 laetus
923 2861 1083 2916 equorum.

276 2941 392 3001 Adtulit
407 2943 483 2999 hunc
496 2941 540 2998 illi
554 2941 637 2998 caecis
650 2942 803 3000 terroribus
816 2962 884 3001 aura

274 3047 465 3104 Conmixtum
479 3045 642 3113 clamorem,
661 3044 843 3121 adredasque
860 3044 967 3123 inpulit
980 3049 1062 3108 auris

274 3149 408 3206 Confusae
421 3149 504 3206 sonus
518 3149 603 3216 urbis,
622 3158 654 3204 et
665 3147 821 3205 inlaetabile
835 3168 975 3207 murmur.

276 3248 334 3304 Hei
348 3249 436 3306 mihil
458 3251 529 3324 'quid
543 3261 623 3308 tanto
637 3252 788 3308 turbantur
800 3253 906 3310 moenia
920 3252 1023 3313 ludu?
