2509 3875
104 344 110 362 ‚
165 342 187 384 r.
199 334 265 387 513.
475 330 529 391 LI
540 334 574 392 B.
614 310 668 393 lii.
926 336 965 389 21

163 481 291 542 Falcibus
305 494 337 543 et
349 486 447 545 messae
459 490 495 546 ad
509 490 622 549 Lunam
634 498 802 565 quaeruntur
814 485 895 547 aenis

103 570 111 615 ¹³
164 586 303 645 Pubentes
316 588 425 659 herbar,
446 590 523 667 nigri
536 610 604 649 cum
616 592 691 651 lanio
703 590 807 648 veneni
812 614 822 661 μ

103 712 104 719 ¹
162 690 313 747 Quaeritur
326 700 357 747 et
371 690 513 750 nascentis
525 694 594 768 equi
606 694 644 751 de
656 693 752 751 fronte
764 690 899 760 revolsus,

161 791 195 847 Et
207 792 298 849 matri
312 804 479 870 praereptus,
500 814 589 852 amor.

161 892 231 968 Ipsa,
252 894 334 951 moli
346 895 538 971 manibusque
550 896 615 972 piis,
634 896 734 955 altaria
743 895 839 972 juxta,

162 996 263 1053 Unum
276 1005 365 1053 exuta
379 998 483 1073 pedem
497 997 609 1067 vinclis,
628 998 660 1055 in
673 999 748 1056 veste
760 996 896 1066 amuda,

103 1142 108 1177 3
159 1098 294 1157 Testatur
306 1101 447 1157 moritura
460 1101 536 1169 deos,
557 1111 587 1157 et
598 1100 712 1158 conscia
724 1101 779 1157 sati

103 1194 104 1201 '
161 1201 271 1257 Sidera:
296 1209 371 1269 tum,
392 1202 504 1277 fiquod
517 1220 574 1259 non
588 1221 672 1277 aequo
684 1201 792 1259 smiere
809 1199 933 1259 amantia

161 1302 244 1359 Curae
265 1318 376 1359 numen
397 1302 494 1372 haber,
510 1302 676 1379 justumque
696 1321 874 1379 memorque,
898 1322 968 1379 pred

276 1395 372 1463 catur.
424 1407 428 1411 ’

198 1509 269 1565 Nox
282 1516 355 1576 erat,
373 1517 404 1564 et
417 1507 563 1583 placidum
576 1508 732 1583 carpebant
744 1506 814 1564 sessa
830 1506 963 1583 soporem

161 1611 287 1687 Corpora
301 1628 353 1685 per
367 1618 467 1679 terras3
490 1608 632 1685 filvaeque,
652 1618 683 1665 et
695 1608 769 1667 saeva
781 1608 917 1684 quierant

161 1714 290 1791 AEquora'
297 1738 306 1784 5
328 1730 420 1789 quum
432 1712 529 1769 medio
542 1712 699 1771 volvuntur
711 1712 800 1769 sidera
813 1712 904 1788 lapsu,

161 1816 263 1874 Ouum
276 1825 355 1874 tacet
367 1815 461 1873 omnis
474 1834 555 1892 agera
577 1816 710 1893 pecudeo,
722 1814 865 1891 piffleque
877 1816 964 1880 volu·

238 1939 311 1987 cres,
956 1906 960 1911 ’

161 2021 293 2097 Quaeque
307 2021 384 2078 lacus
397 2021 455 2078 late
468 2021 600 2096 liquidos,
621 2039 745 2096 quaeque
758 2018 856 2095 aspera
868 2019 965 2079 dumis

162 2124 246 2191 Rura,
269 2132 379 2192 tenent,
400 2122 498 2180 somno
511 2123 608 2199 pofitae
621 2123 674 2180 snb
686 2122 770 2180 nome
783 2122 887 2193 filenti,

160 2225 305 2284 Lenibant
316 2243 406 2293 curas,
427 2233 456 2282 et
469 2225 554 2282 oorda
567 2223 657 2282 oblita
670 2224 811 2283 labomm.

160 2329 280 2396 Arnon,
301 2327 408 2384 infelix
421 2326 521 2396 animi,
538 2325 693 2398 Phoeniffa3
715 2345 810 2402 neque
823 2347 963 2404 umquam

161 2429 284 2488 Solvitur
296 2429 328 2486 in
342 2428 462 2498 somnos,
482 2427 608 2490 ooulisve
626 2437 676 2486 aut
688 2429 802 2505 pesiore
814 2431 930 2489 nosiem

160 2531 294 2609 Adcipit:
317 2531 501 2608 ingeminant
513 2549 603 2600 ουτως
628 2529 778 2606 rursusque
794 2533 946 2612 resurgens

159 2634 245 2693 Saevit
258 2651 348 2700 amor,
368 2651 532 2709 magnoque
547 2631 656 2690 irarum
668 2633 789 2690 fluerunt
802 2635 881 2694 aestu.

157 2735 201 2792 Sic
214 2735 287 2793 adeo
297 2733 410 2802 infinit,
431 2733 585 2809 secumque
600 2734 641 2792 ita
654 2737 738 2792 corde
750 2736 879 2794 volutatr

155 2837 211 2894 En!
233 2837 306 2912 quid
319 2838 390 2911 ago?
411 2835 544 2894 rursusne
557 2855 657 2912 procos
671 2837 759 2894 inrisa
770 2837 882 2913 priores

156 2938 307 3016 Experiar?
329 2939 554 3014 Nomadumque
567 2946 664 3014 petam
674 2938 817 2995 connubia
828 2936 959 3016 supplex,

156 3043 237 3124 Quos
247 3059 305 3116 ego
318 3039 370 3096 sun
383 3039 467 3097 toties
475 3038 537 3115 jam
549 3040 705 3116 dedignata
718 3039 855 3096 maritos?

157 3144 255 3201 iliacas
266 3141 358 3218 igitur
370 3141 469 3212 oiasiir,
489 3151 575 3216 atque
587 3141 692 3198 ultima
703 3141 851 3201 Teucrum

159 3243 246 3324 Jussa‚
265 3242 382 3322 sequar?
403 3243 508 3319 quiane
521 3242 631 3302 auxilio
639 3240 723 3318 juvat
734 3251 801 3302 ante
813 3245 931 3320 levatos,
