2509 3875
196 310 305 377 r-409.
497 309 596 368 LIB.
635 309 688 366 lx.
940 312 996 377 177

194 459 285 517 Hunc
305 460 364 519 fine
383 480 431 519 me
450 465 564 521 turbare
584 464 713 541 globum,
733 474 763 520 et
783 480 850 538 rege
869 461 925 520 tela
944 480 995 538 per

312 581 403 620 auras.

150 668 156 675 '
234 660 356 721 Dixerat
361 689 371 735 ;
392 675 431 736 et,
447 674 508 724 toto
520 666 661 724 connixus
673 684 798 742 corpore,
811 665 924 723 ferrum

195 762 335 840 Conjicit:
358 766 436 825 hasta
449 769 547 826 volans
560 768 650 826 nodis
664 767 823 825 diverberat
836 768 960 837 umbras,

193 866 233 923 Et
245 867 326 923 venit
340 869 427 927 avcrfi
441 870 470 927 in
485 881 598 947 tergum
611 870 764 939 Sulmonis,
784 869 883 944 ibique

192 968 354 1044 Frangitur,
373 978 407 1028 ac
421 972 480 1029 fillo
494 973 591 1030 tranfit
603 972 758 1049 praecordia
769 971 860 1047 ligno.

191 1069 329 1128 Volvitur
341 1071 399 1143 ille,
413 1093 530 1131 vomens
543 1074 669 1131 calidum
681 1076 717 1131 de
729 1074 841 1149 petitore
853 1073 973 1144 flumen,

190 1170 323 1247 Frigidus
329 1198 337 1244 ς
359 1182 390 1230 et
402 1174 496 1251 longis
509 1175 681 1252 singultibus
693 1176 743 1233 ilia
756 1174 858 1250 pulsat.

191 1272 304 1331 Divorfi
318 1275 561 1353 circumspiciunt.
601 1278 667 1335 Hoc
679 1277 770 1335 acrior
781 1276 860 1333 idem

190 1374 282 1432 Eccel
304 1376 384 1434 aliud
396 1376 507 1435 summa
520 1379 611 1436 telum
623 1379 747 1436 librabat
759 1380 795 1435 ab
808 1396 891 1449 aure3

190 1476 273 1534 Dum
287 1478 440 1555 trepidant,
455 1480 491 1537 iit
503 1481 581 1538 hasta
593 1481 676 1556 Tago
687 1499 739 1556 per
752 1490 864 1556 tempus
875 1489 990 1540 utrum-
1070 1532 1074 1539 .

210 1616 214 1621 -
288 1598 326 1637 ue

189 1598 326 1751 Striddns
347 1682 519 1759 trajec‘loque
532 1683 613 1741 haelit
626 1682 767 1759 tepefacta
779 1684 903 1740 cerebro.

190 1782 278 1839 Saevit
290 1794 372 1841 atrox
384 1786 529 1855 Volscens,
550 1804 604 1841 nec
617 1785 670 1841 teli
682 1783 821 1858 conspicit
834 1802 956 1860 usquam

189 1884 355 1956 Auderem,
378 1906 431 1945 nec
444 1906 501 1963 quo
515 1886 544 1944 se
556 1886 657 1945 ardens
670 1884 817 1942 inmittere
829 1884 921 1962 poffit.

188 1987 237 2044 Tu
251 1997 347 2046 tamen
361 1988 469 2047 interea
483 1989 576 2047 calido
589 1989 663 2046 mihi
677 1986 814 2064 sanguine
825 2005 923 2062 poenas

188 2089 332 2148 Persolves
346 2093 504 2161 amborum,
523 2090 636 2166 inquit:
658 2090 751 2158 simul,
769 2088 837 2147 ense
849 2087 967 2160 recluso,

188 2192 254 2248 Ibat
267 2191 298 2249 in
312 2193 479 2270 Euryalum.
518 2195 596 2251 Tum
609 2211 675 2250 vero
688 2190 848 2259 exterritus,
867 2208 978 2262 amens,

188 2293 360 2352 Conclamat
373 2294 476 2364 Nisus3
498 2313 551 2352 nec
564 2294 592 2352 se
606 2295 698 2352 celare
710 2293 835 2351 tenebris
980 2360 982 2363 ¹

187 2395 334 2471 Amplius,
355 2405 406 2453 aut
418 2403 531 2453 tantum
544 2396 642 2472 potuit
652 2396 777 2473 perferre
788 2395 931 2457 dolorem:

186 2497 251 2566 Me,
260 2517 306 2554 me
318 2497 440 2574 (adsum,
452 2497 503 2574 qui
513 2498 593 2571 feci),
604 2497 636 2555 in
645 2516 691 2556 me
701 2498 858 2556 convertite
868 2498 987 2568 ferrum,

186 2597 218 2656 0
231 2599 346 2657 Rutulil
369 2619 434 2657 mea
451 2599 529 2657 fraus
547 2601 639 2656 omnis
644 2625 652 2670 3
675 2600 749 2656 nihil
761 2600 814 2657 iste
825 2619 879 2656 noc
892 2598 987 2667 ausus5

186 2701 254 2759 Nec
266 2702 362 2778 potuit
367 2727 376 2773 3
398 2702 503 2760 coelum
517 2701 580 2770 hoc,
600 2711 631 2758 et
643 2701 754 2759 conscia
767 2700 864 2769 fidera,
885 2699 986 2756 testorr

186 2803 319 2860 Tantum
332 2803 479 2861 infelicem
492 2803 615 2862 nimium
628 2802 732 2860 dilexit
745 2801 880 2859 amicum.

185 2903 271 2960 Talia
285 2903 360 2962 diua
374 2905 474 2962 dabatr
497 2904 545 2962 scd
557 2905 666 2962 viribus
678 2903 750 2961 ensis
762 2902 878 2960 adadun

185 3004 353 3063 Transabiit
366 3007 462 3076 costas,
481 3017 511 3064 et
524 3006 646 3064 candida
658 3005 771 3082 pectora
788 3001 906 3077 rumpit.

186 3105 322 3164 Volvitur
332 3107 474 3184 Euryalus
486 3108 553 3177 leto,
573 3107 764 3184 pulchrosque
775 3123 827 3180 por
838 3113 916 3162 artus
984 3111 988 3118 “

187 3209 217 3266 It
229 3227 322 3279 cruor,
334 3207 424 3286 inque
436 3210 569 3269 humeros
578 3208 676 3267 cervia
684 3205 816 3294 conlabsa
826 3205 967 3266 recumbit
973 3225 988 3283 ει

252 3329 325 3373 vor..
341 3331 380 3372 11.
432 3331 436 3338 ’
598 3328 620 3366 N
