2509 3875
249 323 306 378 raa
505 313 782 384 AErtnrnos,
933 321 1040 386 veae.

247 471 354 549 sepios
366 479 510 550 etnomen
522 469 618 548 posuit
630 469 760 528 Saturnia
773 469 866 528 tellus.

247 578 326 636 'lom
338 593 427 652 reges,
446 575 591 651 asperque,
609 573 721 631 inmani
733 591 858 650 oorpore,
870 572 1012 650 Thybris:

249 682 279 738 A
292 698 349 755 quo
360 679 420 756 post
432 678 499 736 Itali
511 677 633 735 fluvium
645 677 816 752 cognomine
826 675 970 754 Thybrim
998 737 1000 742 ,

174 812 177 821 ·
250 782 400 854 Diximus3
422 780 515 840 amifit
526 798 627 838 verum
639 788 719 838 vetus
732 779 840 838 Albula
853 797 967 837 nomen.

250 886 311 956 Me,
323 885 436 963 pulsum
448 883 550 961 patrii,
561 882 714 960 pelagique
726 891 853 941 extrema
866 882 1045 960 sequentem,-

250 990 374 1047 Fortnna
386 987 567 1064 omnipoteni
579 996 609 1043 et
621 985 804 1044 ineluetabile
816 987 919 1045 Fatum

251 1091 307 1150 Hir
319 1090 436 1168 posuere
448 1090 527 1161 locis,
546 1091 701 1164 matrisque
713 1107 797 1166 egere
809 1090 956 1148 tremenda

203 1256 206 1265 ,
251 1193 413 1252 Carmentis
423 1193 569 1270 Nympha
577 1191 696 1260 monita,
706 1201 737 1249 et
744 1193 813 1250 deus
822 1193 919 1252 auetor
927 1193 1044 1269 Apolloa

291 1297 349 1355 Vix
359 1315 392 1354 ea
401 1296 485 1365 dista,
494 1295 761 1372 dehinoprogreffus
771 1295 907 1354 monstrat
916 1303 946 1352 et
956 1313 1044 1365 aram,

253 1399 292 1459 Et
303 1399 516 1458 Carmentalem
529 1400 659 1456 Romano
671 1398 787 1456 nomine
799 1407 920 1474 portam,

255 1505 355 1562 Quam
372 1511 548 1574 memorant,
577 1502 724 1579 Nymphae
741 1501 866 1578 priscum
886 1499 1045 1560 Carmentis

194 1587 200 1596 ¹
329 1607 477 1677 honorem,
988 1601 991 1610 ’

254 1711 336 1769 Vatia
348 1710 474 1768 fatidicae
478 1733 487 1781 ;
508 1708 690 1784 cocinitque
703 1707 794 1785 prima
807 1707 918 1765 futuros
994 1693 996 1698 ¹

255 1813 401 1872 AEneadaa
413 1831 541 1890 magnos,
560 1821 590 1870 et
602 1811 698 1869 nobile
711 1811 897 1869 Pallanteum.

255 1917 335 1978 ilinc
347 1918 448 1977 lucum
463 1916 622 1995 ingentem,
643 1933 730 1992 quem
744 1914 881 1973 Romulus
895 1931 960 1973 acer
971 1913 1047 1993 Asy-

329 2024 393 2081 lum

256 2126 376 2195 Retulit,
395 2133 425 2183 et
437 2123 533 2201 gelida
544 2122 681 2181 monstrat
692 2122 745 2179 sub
757 2140 827 2198 rupe
841 2121 988 2197 Lupercal,

256 2228 400 2287 Parrhafio
411 2227 522 2284 dietum
532 2227 622 2283 Panos
635 2226 671 2282 de
683 2243 762 2283 more
775 2224 881 2301 Lycaei.

256 2331 322 2389 Nec
334 2349 392 2388 non
403 2338 435 2386 et
446 2328 517 2387 sacri
528 2328 665 2386 monstrat
677 2346 778 2385 nemus
788 2324 926 2403 Argileti,

257 2433 445 2507 Testaturque
457 2432 562 2499 locum,
580 2439 611 2487 et
622 2431 714 2489 letum
726 2430 809 2487 docet
820 2427 940 2506 hospitis
952 2426 1038 2505 Argi.

257 2536 337 2595 Hinc
350 2536 387 2592 ad
396 2534 549 2611 Tarpeiam
561 2532 666 2602 sedem,
686 2542 716 2589 et
729 2530 882 2609 Capitolia,
902 2531 991 2600 ducit,

257 2642 356 2699 Aura
368 2656 454 2706 nune,
473 2636 545 2695 olim
557 2636 723 2695 filvestribua
734 2635 848 2695 horrida
860 2634 964 2693 dumis.

258 2744 324 2823 Jam
337 2752 401 2800 tum
409 2739 514 2817 religio
524 2740 639 2818 pavidos
653 2741 775 2798 terrebat
786 2738 900 2815 agrestis

258 2846 331 2905 Dira
342 2844 399 2905 loci
403 2869 412 2916 3
430 2842 491 2921 jam
504 2852 568 2901 tum
581 2843 688 2912 silvam,
703 2843 868 2917 saxumque,
881 2842 1050 2899 tremebant.

296 2950 363 3009 Hoc
374 2966 485 3020 nemus,
501 2946 588 3018 hunc,
604 2946 710 3022 inquit,
729 2944 861 3003 frondoso
873 2944 979 3004 vertioe
992 2944 1057 3002 col-

373 3053 441 3121 lem,
895 3098 900 3111 .
1179 3108 1180 3111 ,

258 3155 336 3220 Ouia
353 3157 424 3213 deuo
442 3154 584 3213 inoertum
605 3154 655 3225 est,
678 3152 790 3211 habitat
808 3152 894 3211 deus:
922 3148 1048 3235 Arcades

374 3256 470 3335 ipsum
