2509 3875
312 738 342 799 P.
371 738 593 798 VIRGILII
622 740 853 812 MARONIS

398 915 770 997 AENEIDOS

375 1192 500 1242 LIBER
531 1195 790 1252 UNDECIMUS,

449 1455 725 1499 ...φρ-

184 1703 352 1783 Ocunuuu
365 1725 473 1784 interea
487 1725 603 1803 surgens
617 1725 729 1783 Aurora
743 1722 869 1799 reliquit.
901 1732 905 1738 ⁴

181 1828 301 1897 AEneas,
311 1848 485 1905 quamquam
495 1820 616 1888 et'sociis
626 1830 693 1887 dare
704 1839 816 1903 tempus
825 1824 977 1885 humandis

176 1916 364 2008 'Praecipitant
376 1953 459 2002 curae,
481 1934 651 2009 turbataque
663 1931 764 1989 funere
776 1947 856 1987 mens
869 1928 917 1999 est,

182 2035 258 2092 Vota
271 2035 358 2092 delsm
371 2036 465 2112 primo
479 2035 567 2092 viltor
579 2034 705 2092 solvebat
717 2034 786 2090 Eoo.

180 2137 336 2214 Ingentem
348 2156 495 2213 quercum,
515 2135 612 2194 decisis
625 2135 753 2210 undique
765 2133 860 2203 ramis,

182 2239 338 2318 Constituit
351 2239 472 2309 tumulo,
493 2238 691 2314 fulgentiaque
704 2236 800 2294 induit
812 2255 900 2304 arma,

180 2342 311 2400 Mezenti
324 2341 403 2398 ducis
421 2341 551 2410 exuvias5
574 2339 637 2409 tibi,
656 2359 770 2416 magne,
790 2350 937 2416 tropaeum,

181 2443 368 2521 Bellipotens:
391 2453 470 2520 aptat
483 2443 603 2501 rorantis
616 2443 754 2518 sanguine
766 2441 870 2510 cristus,

180 2545 308 2620 Telaque
321 2556 420 2604 trunca
435 2545 487 2602 viri
492 2571 501 2616 5
523 2555 552 2602 et
562 2545 608 2630 'bis
622 2544 670 2602 sex
683 2544 797 2601 thoraca
810 2544 945 2620 petitum,

181 2646 402 2722 Perfollumque,
423 2647 506 2716 locis;
529 2647 711 2723 clipeumque
722 2665 760 2703 ex
774 2665 830 2703 aere
843 2646 957 2703 sinistrae

181 2748 321 2824 Subligat‚
341 2759 428 2825 atque
440 2749 536 2806 ensem
550 2749 624 2806 collo
637 2748 782 2824 suspendit
794 2750 945 2805 eburnum.

179 2851 257 2908 Tum
270 2849 368 2921 socios,
390 2869 513 2927 namque
527 2851 620 2908 omnis
632 2869 699 2908 eum
712 2851 812 2926 stipata
826 2851 941 2925 tegebat

170 2954 277 3032 ¹Turba
291 2954 407 3021 ducum,
427 2954 464 3010 fic
476 2952 616 3029 incipiens
630 2952 760 3010 hortatur
771 2950 896 3008 ovantis:

178 3055 310 3114 Maxima
323 3073 367 3112 res
379 3053 489 3122 effetis,
509 3055 562 3113 viri
568 3079 577 3124 3
599 3054 686 3110 timor
697 3053 790 3110 omnis
802 3053 906 3121 abesto,

179 3159 269 3216 Quod
279 3157 414 3236 superem
436 3157 498 3216 haec
508 3157 574 3214 suut
585 3156 683 3234 spolia,
693 3164 724 3213 et
734 3157 771 3213 de
781 3174 848 3232 rege
856 3156 976 3234 superbo

68 3323 69 3350 q
178 3259 330 3333 Primitiae3
352 3260 540 3337 manibusque
553 3257 624 3318 meis
638 3257 799 3318 Mezentius
811 3258 884 3319 hice’
896 3261 945 3340 est,
