2509 3875
234 350 345 416 nna.
399 355 400 365 ¹
504 332 506 337 '
534 346 636 403 utu.
661 339 729 404 'x1.
969 340 1028 421 'arr

232 500 387 569 murat,
404 500 500 579 jaculo
512 502 620 578 palmas
632 501 760 561 oneravit
775 506 873 573 acuto,

238 602 408 679 Spiculaque
421 622 458 661 ex
470 604 589 663 humero
600 623 693 681 parvae
705 604 859 681 suspendit,
878 610 909 661 et
921 621 1028 661 arcum.

237 705 291 761 Pro
304 704 406 763 crinali
418 725 499 774 auro,
515 724 566 781 pro
578 706 673 783 longae
686 706 814 783 tegmine
826 701 917 781 pailae,
1021 740 1023 743 <

237 806 363 885 Tigridis
376 808 486 865 exuviae
499 826 550 884 per
561 808 675 865 dorsum
687 827 702 864 a
715 807 822 865 vertice
834 807 970 882 pendent.

237 909 314 967 Tela
322 928 409 967 manu
417 909 480 985 jam
492 919 555 967 tum
569 910 666 967 teneri
678 908 797 986 puerilia
811 910 899 979 torsrt‚

238 1012 276 1069 Et
288 1012 408 1069 fundam
423 1012 506 1085 tereti
518 1011 627 1070 circum
640 1022 725 1088 caput
738 1010 799 1087 egit
812 1010 937 1080 haben&

238 1115 487 1191 Strymoniamque
500 1134 610 1191 gruem,
627 1125 678 1172 aut
691 1114 788 1171 album
800 1113 902 1191 dejecit
914 1114 1028 1173 olorem.

238 1218 343 1276 Multae
356 1218 436 1277 illam
448 1218 547 1275 frustra
558 1217 707 1292 Tyrrhena
719 1236 770 1292 per
780 1216 884 1292 oppida
897 1225 1001 1274 matres

237 1318 383 1397 Optavere
395 1338 512 1377 nurum:
534 1318 591 1375 soli
604 1327 738 1376 contenta
751 1318 855 1387 Diana,

239 1422 395 1479 AEternum
408 1421 540 1489 telorum,
558 1432 589 1478 et
601 1420 783 1496 virginitatis,
803 1440 927 1479 amorem

239 1524 411 1581 Intemerata
424 1522 502 1580 colit.
542 1522 656 1579 Vellem
668 1522 745 1579 haud
757 1534 890 1598 conrepta
902 1522 999 1582 fuiffet

241 1624 350 1682 Militii
364 1625 423 1693 tali,
442 1623 686 1681 conata'laeeffere
697 1625 835 1681 Teucros:

242 1727 318 1783 Cura
330 1726 412 1795 mihi,
431 1726 626 1801 comitumque
639 1724 714 1783 foret
726 1744 802 1783 nuuc
817 1744 875 1783 una
893 1746 1029 1786 mearum.

240 1831 350 1887 Verum
362 1850 424 1906 age,
443 1828 675 1904 quandoquidem
687 1830 752 1886 fatis
763 1838 902 1905 urguetur
913 1831 1030 1902 acerbis,

236 1935 357 2004 trabere,
378 1933 524 2010 Nympha,
545 1932 619 2010 polo,
639 1932 761 2009 finisque
773 1932 864 1991 invise
877 1933 1022 2005 Latinos,¹

235 2021 338 2096 «Tristis
350 2037 401 2095 ubi
414 2038 534 2094 infausto
547 2037 726 2094 conmittitur
738 2037 834 2094 omine
846 2056 952 2114 pugna.

200 2199 202 2203 .
242 2126 313 2198 Haec
326 2159 403 2216 cape,
414 2149 444 2196 et
454 2138 586 2196 ultricem
597 2138 726 2214 pharetri
736 2140 870 2215 deprome
881 2139 1028 2216 sagittam:

240 2245 319 2312 Hac,
336 2241 509 2318 quicumque
522 2240 631 2298 sacrum
643 2240 756 2298 violarit
768 2241 883 2299 volnere
896 2262 1006 2320 corpus,

239 2347 321 2412 Tros,
341 2345 473 2412 Italusue,
482 2355 484 2360 '
494 2343 566 2400 mihi
580 2342 686 2418 pariter
698 2344 747 2400 det
762 2343 898 2421 sanguine
911 2365 1017 2422 poenas.

241 2448 303 2504 Post
315 2465 370 2524 ego
383 2448 459 2502 nube
472 2447 540 2503 cavie
553 2445 719 2503 miserandae
731 2465 839 2522 corpus,
859 2458 888 2504 et
902 2467 980 2507 anna

241 2549 401 2624 Inspoliata,
422 2549 512 2606 feram
526 2547 646 2615 tumulo,
666 2548 820 2624 patriaeque
835 2570 979 2626 reponam.

242 2651 340 2708 Dixit:
363 2661 392 2708 at
404 2651 463 2718 illa,
483 2650 553 2708 levis
566 2649 632 2706 coeli
644 2650 755 2707 delabsa
768 2670 818 2726 per
829 2671 919 2722 auras,

242 2753 380 2820 Insonuit,
400 2754 481 2828 nigro
493 2752 666 2809 circumdata
680 2753 793 2810 turbine
805 2773 914 2830 corpus.

254 2862 257 2888 ³
281 2856 324 2912 At
336 2873 435 2911 manus
447 2853 555 2910 interea
568 2852 657 2910 muris
668 2853 790 2930 Trojano
802 2855 982 2930 propinquat,

241 2956 408 3032 Etruscique
421 2957 513 3024 duces,
533 2955 721 3030 equitumque
738 2955 878 3013 exercitus
891 2958 997 3030 omnis3

232 3058 389 3134 ,Conpositi
402 3076 520 3114 numero
532 3057 564 3114 in
577 3066 693 3114 turmas.
728 3056 833 3114 Fremit
844 3077 958 3133 aequore
970 3069 1032 3121 toto

243 3161 384 3220 Insultans
397 3159 515 3236 sonipes,
535 3168 564 3216 et
577 3157 671 3234 pretiis
682 3167 792 3234 pugnat
804 3158 930 3232 habenis,
1021 3153 1024 3160 ¹

238 3266 310 3323 'Huc
324 3265 463 3329 obversus,
485 3269 515 3318 et
527 3261 598 3331 huc;
619 3265 683 3318 tum
695 3261 751 3319 late
765 3261 870 3322 ferreus
883 3264 967 3326 hatiie
984 3278 987 3282 ’
1019 3297 1023 3303 0
