2509 3875
227 338 282 403 172
488 334 763 405 AENEIDOS,
911 340 1037 393 nm.-

222 487 284 545 Aut
298 486 420 556 adversa,
441 489 533 547 cadat.
567 490 621 549 Sed
635 500 664 549 te
676 489 759 567 super
770 487 869 547 omnia
880 488 956 546 dona

222 590 323 646 Unum
336 608 399 647 oro:
422 591 564 667 genetrix,
584 592 688 650 Priami
701 593 737 650 (le
750 600 837 669 gente
848 590 966 658 vetusti,
1178 653 1179 686 ,

223 691 271 749 Eli
284 691 357 749 mibi
364 716 372 763 3
392 712 479 767 quam
492 692 624 753 miseram
637 694 731 751 tenuit
743 712 802 750 non
815 692 870 751 llia
883 691 968 749 tellus

223 794 342 851 Mecum
356 795 551 865 excedentem,
571 814 630 853 non
643 794 750 853 moenia
763 793 837 871 regis
850 792 970 851 Acestae.

222 896 307 955 Hanc
319 914 373 973 ego
386 915 474 966 nunc,
487 898 615 975 ignaram
627 895 712 974 hujus
724 896 927 971 quodcumque
939 893 1016 971 peri·

250 1008 253 1013 '
301 1000 339 1057 cli
353 1000 402 1068 est,
894 1016 898 1023 ·
1176 897 1180 1156 1

224 1100 316 1176 Inque
328 1100 487 1171 salutatam,
507 1100 620 1179 linquo:
643 1102 722 1171 Nox,
742 1110 772 1159 et
784 1110 834 1159 tua
847 1100 923 1159 testis

224 1202 360 1272 Dextera,
377 1202 454 1278 quod
473 1220 615 1297 nequeam
632 1201 762 1261 lacrimas
778 1203 902 1280 perferre
918 1219 1021 1280 paren·
1126 1260 1130 1269 ,

303 1302 350 1362 tis.
1031 1310 1034 1316 .

225 1406 268 1465 At
281 1414 322 1475 tu,
342 1424 400 1477 oro,
421 1404 510 1464 solare
522 1404 646 1483 inopem,
665 1416 696 1465 et
708 1408 839 1465 succurre
853 1406 969 1465 relietae.

225 1509 311 1565 Hanc
324 1508 382 1565 fine
395 1526 441 1565 me
453 1506 531 1585 spem
544 1509 617 1567 ferre
631 1510 688 1567 tui:
710 1509 859 1568 audentior
870 1508 921 1567 ibo

226 1610 260 1667 In
274 1607 352 1667 casus
365 1608 466 1668 omnis.
507 1610 636 1668 Perculsi
648 1621 755 1681 mente,
774 1612 916 1669 dederunt
1024 1622 1027 1630 '
1175 1583 1180 1756 h

227 1714 399 1771 Dardanidae
411 1712 553 1771 lacrimas:
577 1722 644 1771 ante
657 1713 750 1771 omnis
762 1714 882 1790 pulcher
894 1713 976 1770 Iulus
979 1736 988 1784 ς

227 1816 326 1892 Atque
339 1816 469 1874 anirnum
482 1814 582 1892 patrie
594 1814 707 1873 strinxit
718 1814 833 1893 pietatis
845 1816 951 1892 imago.
1023 1827 1027 1833 ’

226 1920 305 1979 Turn
317 1920 356 1982 stc
369 1920 490 1979 effatur:

263 2024 397 2100 'Spondeo
409 2023 496 2098 digna
510 2022 566 2080 tuis
578 2021 745 2100 ingentibus
757 2022 855 2080 omnia
867 2020 981 2098 coeptis:

228 2125 363 2200 Namque
376 2124 431 2182 erit
441 2125 491 2182 ilia
501 2123 574 2182 mihi
585 2124 726 2200 genetrix,
740 2142 902 2199 nomenque
910 2121 1025 2181 Creiisae

229 2225 328 2282 Solum
341 2224 466 2282 desuerit
474 2249 483 2294 ;
506 2243 558 2282 nec
570 2234 685 2301 partum
698 2226 790 2302 gratia
802 2226 890 2284 talem

230 2328 317 2384 Parva
327 2333 433 2383 manet.
454 2324 543 2384 Casus
555 2325 664 2383 factum
674 2326 848 2402 quicumque
859 2326 1026 2402 sequuntur,

229 2429 282 2485 Per
295 2431 380 2500 caput
393 2425 447 2481 hoc
456 2423 531 2500 jum,
551 2445 602 2502 per
614 2429 691 2501 quod
704 2426 784 2505 pater
796 2438 864 2486 ante
876 2429 992 2496 solebat,

231 2531 307 2588 Quae
320 2527 373 2584 tibi
386 2527 522 2604 polliceor
534 2529 642 2599 reduci,
663 2534 804 2607 rebusque
816 2531 955 2599 secundis,

230 2633 302 2690 Haec
315 2631 415 2688 eadem
431 2629 570 2706 matrique
588 2641 653 2699 tuae,
673 2633 836 2708 generique,
857 2635 1025 2691 manebunt.

230 2734 277 2793 Sic
290 2733 339 2803 ait,
353 2731 547 2802 inlacrimans3
570 2731 689 2790 humero
703 2734 784 2792 fimul
797 2735 879 2792 eruit
891 2734 987 2792 ensem

231 2837 383 2903 Auratum,
404 2833 475 2892 mira
489 2852 575 2910 quem
590 2835 698 2892 fecerat
710 2844 769 2892 arte
782 2835 899 2912 Lycacn

230 2940 360 3006 Gnosius,
381 2945 466 3012 atque
484 2936 610 2993 habilem
621 2937 725 3012 vagina
738 2937 982 3012 aptaratebumi:

231 3043 295 3101 Dat·
302 3041 372 3099 Niso
386 3037 550 3098 Mnestheus
563 3038 669 3114 pellem
681 3037 877 3115 humentisque
890 3040 981 3098 leonis

231 3142 370 3212 Exuvias;
390 3142 498 3218 galeam
512 3139 586 3198 fidus
598 3141 743 3216 permutat
755 3141 863 3198 Aletes.

231 3247 368 3302 Pretenus
381 3242 482 3301 armati
495 3242 648 3306 incedunt:
670 3261 741 3317 quos
753 3243 845 3324 omnis
857 3233 953 3300 eunti}
