2509 3875
225 329 311 380 udo,
519 324 616 383 LIB.
655 323 725 383 ΧΠ.
962 321 1021 392 267

226 476 307 534 Ouid
320 480 525 557 consanguinei
537 480 648 551 Rutuli,
669 480 739 557 quid
751 485 843 536 cetera
856 477 933 535 dicet

224 578 316 647 Italia,
336 582 372 639 ad
385 591 507 641 mortem
520 584 540 639 fi
554 592 583 640 te
598 584 678 658 (Fors
690 581 765 639 ditia
780 580 898 648 refutet)

223 680 409 768 Prodiderim,
428 694 525 741 natam
538 694 567 741 et
579 683 722 742 connubia
734 684 824 740 nostra
837 682 999 758 petentem?

224 782 342 859 Respice
355 802 398 843 res
411 786 486 843 bello
500 786 587 845 varias
593 812 602 859 3
623 785 755 843 miserere
766 783 891 861 parentis

222 884 368 963 Longaevi,
388 906 474 962 quem
488 906 564 946 nunc
577 888 705 945 maestum
718 886 808 964 patria
822 886 916 943 Ardea
929 885 1015 961 longe

222 986 342 1045 Dividit.
383 989 612 1066 Haudquaquam
625 989 708 1047 dietis
720 988 857 1047 violentia
868 987 963 1045 Turni

103 1140 105 1147 .
222 1086 370 1145 Fleuitur:
392 1089 541 1166 exsuperat
552 1090 653 1167 magis,
665 1089 849 1167 aegrescitque
862 1088 1013 1170 medendo.
1048 1073 1052 1079 ⁸

221 1186 264 1245 Ut
277 1189 402 1264 primum
415 1191 470 1249 sari
482 1192 587 1269 potuit,
607 1193 645 1250 fic
657 1192 760 1249 institit
771 1210 833 1249 ore:

221 1291 321 1348 Quam
333 1310 385 1368 pro
397 1312 444 1351 me
457 1312 554 1352 curans
567 1294 651 1371 geris,
670 1294 865 1370 hanc'preoor‚
885 1299 1013 1369 optume,

296 1412 348 1469 pro
360 1414 408 1452 me

218 1494 361 1571 Deponas,
381 1498 528 1572 letumque
541 1496 612 1555 sruas
625 1516 675 1573 pro
687 1497 772 1555 laude
783 1495 898 1573 pacisci.

219 1597 257 1653 Et
269 1616 320 1655 nos
333 1599 398 1668 tela,
418 1607 507 1675 pater,
526 1599 692 1674 ferrumque
703 1598 780 1656 haud
794 1598 889 1655 debile
900 1596 1001 1655 dextri

219 1699 398 1775 Spargimus3
419 1709 450 1757 et
463 1700 554 1758 nostro
568 1699 695 1776 sequitur
707 1701 743 1757 de
753 1700 869 1757 volucre
886 1698 1011 1777 sanguia.

218 1802 317 1877 Longe
330 1800 373 1857 illi
386 1801 438 1858 dea
451 1811 542 1858 mater
553 1802 617 1869 erit,
638 1820 702 1877 quae
714 1804 792 1859 nube
803 1802 937 1878 fugacem

217 1902 350 1961 Feminea
363 1911 449 1979 tegat,
469 1912 499 1960 et
512 1902 591 1961 vanis
603 1902 660 1960 sese
672 1903 784 1961 occulat
795 1902 913 1962 umbris.

255 2007 297 2063 At
310 2006 418 2082 regina,
438 2005 511 2064 nova
523 2025 628 2084 pugnae
641 2006 794 2064 conterrita
807 2006 890 2075 sorte,

215 2107 329 2180 Flebat3
350 2115 381 2165 et
393 2108 539 2165 ardentem
551 2127 689 2185 generum
702 2108 838 2166 moritura
849 2109 979 2167 tenebat:

215 2210 322 2280 Turne,
336 2227 387 2286 per
398 2209 449 2267 has
461 2227 515 2286 ego
528 2217 557 2266 te
569 2209 709 2279 lacrimas,
721 2229 771 2286 per
783 2210 805 2267 fi
816 2210 881 2286 quis
893 2211 1009 2268 Amatae

213 2311 323 2388 Tangit
335 2311 424 2368 honos
437 2311 563 2369 animum
570 2335 578 2382 ;
599 2311 705 2387 speetu
718 2330 795 2369 nunc
811 2331 867 2370 uua
878 2311 1006 2382 senetlae,

213 2413 261 2471 Tu
274 2413 394 2490 requies,
407 2413 528 2486 miserae5
550 2414 644 2481 decus,
662 2413 881 2491 imperiumque,
898 2414 995 2473 Latini

213 2515 257 2572 Te
268 2533 368 2590 penes3
390 2515 421 2574 in
435 2526 464 2573 te
476 2515 569 2575 omnis
583 2517 685 2574 domus
696 2516 834 2575 inclinata
847 2519 1005 2592 recumbit5
1094 2545 1099 2558 ·

97 2667 99 2675 t
214 2615 315 2674 Unum
326 2635 387 2675 oro:
410 2617 506 2675 desiste
518 2636 637 2675 manum
648 2620 817 2676 conmittere
828 2620 956 2678 Teucria.

215 2715 277 2774 Qui
291 2728 319 2774 te
332 2737 455 2794 cumque
465 2729 582 2776 manent
594 2719 647 2776 isto
659 2721 814 2778 certamine
826 2722 913 2790 casus,

212 2817 251 2876 Et
263 2837 319 2888 me,
332 2819 439 2891 Turne,
459 2831 587 2880 manent.
626 2820 716 2880 Simul
735 2824 795 2881 haec
811 2822 900 2880 invisa
918 2822 1005 2881 reliu-

291 2939 378 2997 quam

212 3023 345 3092 Lumina,
366 3041 418 3081 nec
431 3041 568 3101 generum
581 3025 697 3082 AEnean
710 3025 821 3101 captiva
834 3025 946 3086 videbo.

212 3125 337 3202 Adcepit
349 3143 447 3184 vocem
460 3126 585 3185 lacrimis
599 3127 717 3186 Lavinia
731 3129 828 3186 matris

212 3226 369 3304 Flagrantis
380 3227 493 3305 perfusa
506 3245 605 3306 genu:
627 3228 675 3286 cui
687 3228 827 3306 plurimus
839 3231 937 3309 ignem
