2509 3875
185 380 216 419 v.
230 366 282 432 97.
507 361 560 419 LI
572 362 605 419 B.
646 362 698 421 Vl.
951 360 992 431 67

187 516 280 574 Quod
293 515 416 575 minime
430 516 507 585 reris,
527 518 613 575 Graiu
630 518 772 594 pandetur
783 519 821 575 ab
833 517 913 575 urbe.

226 617 348 675 Talibus
361 638 398 675 ex
411 619 497 695 adyto
510 619 592 678 diuis
606 622 724 677 Cumaea
737 620 845 697 Sibylla

185 720 354 779 Horrendus
367 721 444 779 canit
457 723 601 798 ambages,
620 731 760 798 antroque
771 722 907 798 remugit,

185 820 328 880 Obscuris
340 840 405 879 vera
419 822 580 881 involvens:
602 842 637 880 ea
649 823 730 883 frena
745 824 854 881 furenti

187 923 338 997 concutit,
358 933 388 980 et
401 923 527 981 stimulor
540 924 593 983 sub
608 926 722 1001 pectore
734 926 821 983 vertit
833 926 949 1004 Apollo.

187 1026 235 1083 Ut
248 1025 375 1101 primum
388 1025 467 1083 ceffit
482 1026 570 1095 furor,
591 1036 621 1083 ct
634 1027 732 1085 rabida
744 1047 793 1086 ora
805 1028 950 1104 quierunt,

187 1127 301 1205 Incipit
313 1128 422 1185 AEneas
435 1128 535 1185 heros:
556 1128 626 1185 Non
639 1129 699 1186 ulla
711 1130 851 1199 laborum,

188 1232 220 1289 Ο
234 1230 330 1306 virgol
352 1248 425 1287 nova
439 1230 478 1287 ml
492 1230 589 1298 facies,
609 1230 770 1307 inopinave,
790 1232 881 1309 surgit
886 1258 895 1303 5

189 1332 302 1391 Omnia
315 1332 444 1409 precepi,
465 1342 551 1408 atque
569 1332 666 1391 auimo
679 1352 794 1391 mecum
806 1346 873 1392 ante
884 1336 995 1411 peregi.

189 1437 295 1493 Unum
309 1452 371 1505 oro,
393 1435 509 1511 quando
521 1436 569 1493 hic
582 1436 689 1493 inferni
698 1435 786 1512 janua
799 1437 876 1513 regis

189 1537 319 1606 Dicitur,
339 1546 369 1595 et
382 1536 528 1595 tenebrosa
541 1538 623 1613 palus
636 1538 801 1596 Acheronte
814 1538 923 1610 refuso;

190 1640 238 1698 Ire
252 1640 289 1698 ad
301 1640 483 1717 conspectum
496 1640 555 1697 cari
569 1640 715 1717 genitoris,
735 1651 766 1697 et
777 1659 836 1710 ora,

192 1742 368 1819 Contingat:
390 1742 491 1799 doceas
503 1740 568 1809 iter,
587 1752 617 1799 et
630 1741 706 1799 sacra
718 1743 787 1800 ostia
805 1743 921 1820 pandas.

192 1845 283 1903 Illum
296 1864 350 1922 ego
363 1862 413 1921 per
427 1844 566 1913 flammas,
587 1852 616 1901 et
629 1844 708 1901 mille
721 1844 868 1919 sequentia
881 1845 949 1913 tela,

193 1949 297 2024 Eripui
310 1947 354 2006 his
367 1947 494 2006 humeris
501 1971 509 2016 3
529 1947 683 2020 medioque
695 1965 732 2002 ex
744 1946 823 2003 hoste
835 1949 944 2028 recepi:
993 2009 996 2012 ,

193 2051 259 2121 Ille,
279 2069 376 2108 meum
392 2049 544 2108 comitatus·
557 2047 621 2119 iter,
642 2047 731 2106 maria
745 2047 841 2107 omnia
854 2067 996 2121 mecum„

194 2156 295 2230 Atque
309 2152 401 2210 omnis
412 2150 564 2228 pelagique
577 2149 670 2207 minas
682 2150 813 2225 coelique,
834 2150 944 2210 ferebat
964 2145 966 2149 ’
993 2228 997 2236 ¹

193 2256 350 2324 invalidus,
370 2257 442 2312 vires
458 2254 541 2322 ultra,
562 2253 722 2328 sortemque
735 2253 864 2312 seneuae.

196 2358 290 2426 Quin,
303 2367 336 2414 ut
347 2367 376 2414 te
386 2355 505 2432 supplex
515 2363 652 2430 peterem,
664 2365 695 2411 et
706 2366 754 2412 tua
764 2356 865 2415 limina
876 2357 995 2429 aditu,

195 2463 279 2519 Idem
292 2479 374 2518 orans
388 2459 522 2516 mandata
535 2457 631 2515 dabat.
652 2458 807 2534 Gnatique,
821 2461 975 2538 patrisque,

196 2565 295 2633 Alma,
321 2578 429 2641 precor,
455 2561 602 2620 miserere:
630 2571 712 2637 potes
732 2582 856 2640 namque
879 2565 995 2634 omniu

276 2685 329 2724 nec
348 2677 376 2724 te

196 2769 403 2845 Nequidquam
417 2769 490 2827 lucis
503 2771 614 2827 Hecate
626 2771 757 2845 praefecit
770 2771 904 2828 Auernis.

200 2873 231 2932 Si
243 2873 338 2950 potuit
351 2873 450 2930 Manis
463 2873 596 2930 arcessere
608 2871 739 2948 conjugis
751 2873 892 2948 Orpheus,

198 2977 335 3036 Threicit
348 2977 438 3034 fretus
451 2976 568 3043 cithart,
589 2976 750 3052 fidibusque
763 2973 873 3032 canoris
878 2997 886 3043 3

199 3079 229 3138 Si
242 3079 361 3136 fratrem
375 3079 476 3137 Pollux
488 3080 597 3137 altem&
610 3090 702 3136 morte
715 3076 845 3146 redemit,

198 3185 293 3259 itque,
313 3181 452 3259 reditque,
472 3181 550 3242 viam
571 3181 667 3240 toties:
690 3177 891 3255 quidThesea,
914 3197 998 3256 mag··

277 3305 347 3351 num
