2509 3875
79 428 80 433 Ν
193 354 300 417 vaes.
495 358 735 417 crnxr..
930 365 989 430 247

79 500 80 563 i
191 511 230 571 Et
242 530 310 569 cum
322 512 409 571 fratre
421 515 518 575 Coras.
538 512 602 571 latis
615 511 771 571 diffundite
781 512 901 589 campis.

79 624 80 630 ’
192 614 258 673 Pars
270 614 364 671 aditus
375 614 454 673 urbis
467 614 592 686 firment,
614 625 761 690 turresque
772 616 926 692 capessant:
984 622 987 626 ’

193 716 305 787 Cetera,
325 716 382 791 qua
391 715 474 793 jusso,
488 736 603 775 mecum
614 736 718 783 ¹manus
729 716 835 774 inferat
848 737 934 775 arma.
989 727 991 733 '

231 818 316 877 Ilicet
327 818 359 875 in
372 838 468 875 muros
481 820 542 876 tota
555 818 723 875 discurritur
734 821 816 876 urbe.

184 920 356 981 'Concilium
368 919 428 997 ipse
441 929 530 996 pater,
549 930 579 977 et
592 939 697 997 magna
712 920 835 996 incepta,
854 920 975 979 Latintu

191 1022 316 1091 Deserit,
336 1040 369 1079 ac
383 1021 453 1079 tristi
467 1024 596 1079 turbatus
610 1030 737 1097 tempore
749 1022 847 1080 differt
851 1048 861 1093 5

191 1124 344 1199 Multaque
357 1123 386 1182 se
398 1124 516 1195 incusat,
537 1124 588 1200 qui
602 1142 660 1181 non
678 1124 821 1199 adceperit
833 1125 910 1182 ultro

190 1226 371 1285 Dardanium
384 1228 508 1294 AEnean,
529 1228 724 1302 generumque
738 1226 887 1284 adsciverit
899 1227 974 1285 urbi.

192 1329 366 1387 Praefodiunt
379 1328 428 1386 alii
440 1338 533 1405 portas
539 1352 548 1398 3
570 1336 619 1385 aut
632 1327 708 1398 saxa,
728 1327 875 1404 sudesque,
985 1339 990 1360 '-

192 1432 373 1491 Subvesiant.
413 1430 493 1488 Bello
505 1431 554 1487 dat
567 1430 680 1505 fignom
693 1449 777 1488 rauca
790 1441 941 1489 cruentum

192 1532 324 1591 Buccina.
364 1534 442 1590 Tum
455 1550 549 1589 muros
561 1530 638 1588 varia
650 1530 766 1588 cinxere
777 1533 882 1589 corona

193 1635 344 1703 Matronae,
363 1634 513 1711 puerique,
534 1642 615 1691 vocat
628 1632 709 1690 labor
720 1632 839 1691 ultimus
852 1635 957 1693 omnis.

218 1736 295 1798 ,Nec
312 1755 367 1793 non
387 1737 423 1793 ad
442 1733 792 1811 templumtummasque
811 1736 848 1793 ad
868 1738 986 1796 Palladis

232 1846 234 1853 '
300 1858 394 1907 arces,
983 1845 988 1851 “

193 1943 366 2002 Subvehit'ur
379 1943 482 2019 magni
495 1951 620 2000 matrum
634 1943 733 2020 regina
746 1944 869 2011 caterve,

192 2049 275 2106 Dona
289 2047 394 2105 ferens:
412 2046 555 2124 juxtaque
570 2065 664 2102 comes
679 2045 798 2102 Lavinia
810 2047 901 2122 virgo,

193 2150 294 2209 Caussa
308 2151 388 2208 malis
401 2149 497 2220 tantis,
518 2149 613 2206 oculos
625 2147 732 2226 dejesta
745 2150 870 2206 decoros.

192 2254 353 2312 Succedunt
366 2263 478 2320 matres,
498 2263 527 2309 et
541 2253 682 2329 templum
695 2261 758 2310 ture
770 2261 907 2329 vaporant
915 2276 925 2324 ς
986 2266 990 2278 ·

192 2359 231 2416 Et
244 2357 352 2418 maestas
365 2357 422 2415 alto
436 2357 562 2414 fundunt
574 2357 610 2413 de
623 2355 723 2412 limine
736 2375 831 2413 voces:

192 2461 385 2538 Armipotens,
405 2460 504 2536 praeses
516 2459 594 2527 belli,
607 2459 739 2517 Tritonia
752 2459 844 2534 virgo,

193 2564 302 2640 Frange
314 2583 402 2622 manu
415 2565 505 2621 telum
517 2562 633 2638 Phrygii
645 2563 794 2639 praedonis,
813 2573 842 2620 et
855 2563 950 2640 ipsum

191 2667 316 2724 Pronum
329 2667 418 2726 sterne
432 2665 498 2736 solo,
519 2666 665 2742 portisque
676 2664 793 2724 effunde
806 2665 858 2722 sub
871 2666 944 2723 aitis.

231 2767 366 2843 Cingitur
379 2770 437 2846 ipse
449 2770 546 2828 furens
559 2769 690 2826 certatim
703 2769 735 2824 in
748 2767 847 2844 proelia
859 2768 983 2824 Turnus.

192 2873 314 2949 Jamque
326 2874 407 2942 adeo,
426 2873 545 2931 rutilum
559 2873 676 2930 thoraca
690 2871 816 2938 indutus,
836 2869 915 2926 ainis

191 2975 335 3034 Horrebat
347 2975 479 3051 squamis,
499 2975 633 3052 surasque
644 2973 799 3031 incluserat
812 2991 890 3040 auro,

191 3079 334 3154 Tempora
353 3079 445 3136 nudus
464 3078 570 3148 adhuc;
593 3077 732 3152 laterique
751 3074 915 3133 adcinxerat
934 3092 986 3132 en-

271 3181 340 3250 sem,
497 3185 498 3188 ’

191 3283 389 3363 Fulgebatque
401 3285 459 3356 alti
472 3285 622 3346 decurrens
637 3301 739 3342 aureus
752 3300 815 3341 arce
822 3305 831 3366 ξ
