2509 3875
170 369 201 412 v.
217 350 294 410 622.
493 356 590 415 ΗΒ.
629 356 668 413 V.
707 351 711 355 ’
945 354 983 413 63

175 510 225 565 Ac
241 508 280 565 fic
294 508 493 568 Dardanidum
506 512 632 569 mediam
644 510 674 567 se
686 508 825 568 matribus
836 508 937 568 infert:

217 610 250 667 Ο
259 609 379 679 misera,
387 631 457 686 quas
467 632 525 671 non
533 632 644 682 manus,
651 611 757 689 inquit,
767 611 896 671 Achaica
906 612 983 672 bello

173 712 318 771 Traxerit
331 715 367 770 ad
380 714 471 772 letum
484 716 585 792 patriae
597 716 651 773 suh
663 714 819 773 moenibml
841 734 859 771 o
872 733 944 791 gena

175 813 305 873 Infelix!
327 815 375 872 cui
389 824 418 875 te
430 816 521 876 exitio
533 819 659 875 Fortuna
671 816 811 875 reservat?

176 916 311 992 Septima
324 916 385 993 post
397 916 491 995 Trojae
504 919 650 977 excidium
660 916 722 994 jam
734 917 856 975 vertitur
868 918 959 991 aestasJ

176 1011 261 1075 Cum
273 1018 356 1088 freta,
376 1039 443 1077 cum
460 1030 547 1079 terras
563 1021 667 1089 omnio,
687 1029 730 1077 tot
748 1019 891 1097 inhospita
903 1021 979 1092 saxa,

177 1122 347 1196 Sideraque,
367 1122 489 1179 emensae
502 1122 622 1181 ferimur
627 1148 636 1194 3
658 1124 728 1181 dum
745 1141 796 1199 per
808 1140 887 1181 mare
899 1142 982 1202 mag·

262 1241 335 1279 num

177 1323 298 1383 Italiam
311 1324 456 1400 sequimur
467 1325 639 1403 fugientem,
659 1336 688 1384 et
701 1326 845 1384 volvimur
857 1327 950 1386 undio.

177 1426 240 1483 Hic
253 1426 352 1502 Erycis
364 1427 435 1485 fines
448 1428 578 1498 fraterni,
598 1436 685 1504 atque
698 1428 798 1505 hospes
811 1430 939 1487 Acesten:

178 1529 265 1587 Quid
284 1530 417 1605 prohibet
437 1549 533 1588 muros
548 1530 653 1607 jacere,
674 1541 705 1589 et
717 1533 784 1590 dare
801 1532 913 1591 civibus
931 1552 980 1591 ur·

261 1633 344 1689 bern?

177 1733 208 1793 Ο
218 1734 323 1810 patrial
345 1742 384 1803 et,
397 1734 471 1811 rapti
485 1734 680 1812 nequidquam
691 1754 729 1793 ex
742 1736 830 1806 hoste,
844 1734 978 1797 Penates!

177 1837 310 1897 Nullane
318 1835 380 1913 jam
391 1835 486 1915 Trojae
498 1838 631 1895 dicentur
642 1837 767 1894 moenia?
789 1857 931 1913 nunquam

177 1940 336 2001 Hedlorooa
348 1940 448 2011 amnis,
468 1939 619 2000 Xanthum
631 1947 662 1996 ot
675 1940 830 2008 Simodnta,
843 1940 976 1998 videbol

177 2042 264 2102 Quin
277 2042 363 2118 agite,
383 2052 412 2099 et
424 2061 539 2102 mecum
551 2041 685 2099 infaustas
697 2041 812 2099 exurite
823 2061 943 2118 puppes.

175 2146 259 2204 Nam
272 2143 344 2201 milri
357 2144 517 2204 Caffaudrae
529 2163 580 2221 per
592 2143 724 2201 somnum
737 2144 811 2201 vatis
823 2143 922 2220 imago

175 2246 316 2306 Ardentis
329 2247 396 2304 dare
408 2245 466 2304 visa
478 2246 562 2304 faces.
603 2246 663 2303 Hic
675 2245 795 2322 quaerito
806 2244 938 2322 Trojam3

173 2348 238 2408 Hic
258 2348 359 2410 domus
379 2349 428 2420 est,
451 2347 557 2424 inquit,
577 2348 667 2405 vobio.
706 2349 774 2426 Jam
796 2357 910 2426 tempus
931 2350 980 2428 agi

258 2469 317 2520 res;

177 2553 245 2611 Nec
259 2552 345 2610 tantis
358 2571 437 2610 mora
449 2550 596 2628 prodigiis.
636 2553 696 2609 Enl
719 2561 842 2629 quatuor
854 2573 911 2613 arae

177 2655 330 2731 Neptuno.
353 2655 434 2711 Deua
446 2653 506 2730 ipse
518 2653 603 2725 faces,
616 2654 815 2731 animumque,
828 2656 979 2715 ministrat.
1104 2730 1107 2734 A

216 2757 291 2814 Haec
303 2774 473 2825 memorans,
491 2756 583 2831 prima
596 2756 743 2815 infensum
755 2758 786 2815 vi
797 2758 922 2834 conripit
933 2758 978 2834 ig-

298 2877 376 2927 nem,
407 2915 409 2920 ,

179 2959 354 3036 Sublathque
365 2959 465 3036 procul
479 2959 579 3018 dextri
591 2960 715 3018 connixa
728 2958 870 3028 corusoat3

179 3065 220 3122 Et
226 3062 307 3140 jacit.
347 3063 479 3120 Adrestae
491 3072 611 3132 mentes,
626 3059 838 3138 stupefadlaque
850 3060 945 3132 corda,
971 3089 975 3096 ·

178 3168 312 3226 iliadum.
353 3165 412 3224 Hic
425 3185 483 3224 una
497 3185 514 3223 e
526 3166 635 3233 multis,
657 3183 721 3238 quae
735 3179 871 3222 maxuma
884 3174 964 3238 natu,

179 3272 282 3352 Pyrgo‚
302 3277 349 3329 tot
360 3267 465 3328 Priami
477 3276 611 3328 natorum
623 3265 703 3342 regia
716 3261 827 3322 nutrix:
