<?xml version="1.0" encoding="UTF-8"?>
<!DOCTYPE html PUBLIC "-//W3C//DTD XHTML 1.0 Transitional//EN"
    "http://www.w3.org/TR/xhtml1/DTD/xhtml1-transitional.dtd">
<html xmlns="http://www.w3.org/1999/xhtml" xml:lang="en" lang="en">
 <head>
  <title>
</title>
<meta http-equiv="Content-Type" content="text/html;charset=utf-8" />
  <meta name='ocr-system' content='tesseract 3.04.00' />
  <meta name='ocr-capabilities' content='ocr_page ocr_carea ocr_par ocr_line ocrx_word'/>
</head>
<body>
  <div class='ocr_page' id='page_1' title='image "./pvirgiliimaroni01wakegoog/pvirgiliimaroni01wakegoog_0134.png"; bbox 0 0 2509 3875; ppageno 0'>
   <div class='ocr_carea' id='block_1_1' title="bbox 229 301 1025 392">
    <p class='ocr_par' dir='ltr' id='par_1_1' title="bbox 229 301 1025 392">
     <span class='ocr_line' id='line_1_1' title="bbox 229 301 1025 392; baseline -0.003 -10"><span class='ocrx_word' id='word_1_1' title='bbox 229 329 288 382; x_wconf 82' lang='lat'><strong>122</strong></span> <span class='ocrx_word' id='word_1_2' title='bbox 494 323 769 391; x_wconf 80' lang='lat' dir='ltr'>AENEIDOS‚</span> <span class='ocrx_word' id='word_1_3' title='bbox 829 301 834 308; x_wconf 80' lang='grc'><strong>’</strong></span> <span class='ocrx_word' id='word_1_4' title='bbox 918 327 1025 392; x_wconf 80' lang='lat' dir='ltr'><strong>v.⁵94.</strong></span> 
     </span>
    </p>
   </div>
   <div class='ocr_carea' id='block_1_2' title="bbox 186 454 1030 3310">
    <p class='ocr_par' dir='ltr' id='par_1_2' title="bbox 215 454 1025 1164">
     <span class='ocr_line' id='line_1_2' title="bbox 230 454 1025 554; baseline 0.003 -20"><span class='ocrx_word' id='word_1_5' title='bbox 230 475 401 552; x_wconf 82' lang='lat' dir='ltr'><strong>Frangimur</strong></span> <span class='ocrx_word' id='word_1_6' title='bbox 410 476 480 536; x_wconf 91' lang='lat' dir='ltr'><strong>heul</strong></span> <span class='ocrx_word' id='word_1_7' title='bbox 495 478 570 546; x_wconf 81' lang='lat' dir='ltr'><strong>satia,</strong></span> <span class='ocrx_word' id='word_1_8' title='bbox 579 479 693 554; x_wconf 84' lang='lat' dir='ltr'><strong>inquit3</strong></span> <span class='ocrx_word' id='word_1_9' title='bbox 708 454 882 552; x_wconf 76' lang='lat' dir='ltr'><strong>ierimurque</strong></span> <span class='ocrx_word' id='word_1_10' title='bbox 891 475 1025 552; x_wconf 70' lang='lat' dir='ltr'><strong>procelli.</strong></span> 
     </span>
     <span class='ocr_line' id='line_1_3' title="bbox 215 577 908 656; baseline 0.001 -22"><span class='ocrx_word' id='word_1_11' title='bbox 215 636 218 641; x_wconf 74' lang='grc'>,</span> <span class='ocrx_word' id='word_1_12' title='bbox 230 578 285 653; x_wconf 87' lang='lat' dir='ltr'><strong>Ipfi</strong></span> <span class='ocrx_word' id='word_1_13' title='bbox 299 577 349 635; x_wconf 85' lang='lat' dir='ltr'><strong>has</strong></span> <span class='ocrx_word' id='word_1_14' title='bbox 362 578 498 656; x_wconf 88' lang='lat' dir='ltr'><strong>sacrilego</strong></span> <span class='ocrx_word' id='word_1_15' title='bbox 508 581 639 655; x_wconf 87' lang='lat' dir='ltr'><strong>pendetis</strong></span> <span class='ocrx_word' id='word_1_16' title='bbox 651 579 790 656; x_wconf 85' lang='lat' dir='ltr'><strong>sanguine</strong></span> <span class='ocrx_word' id='word_1_17' title='bbox 802 597 908 654; x_wconf 72' lang='lat' dir='ltr'><strong>prenae,</strong></span> 
     </span>
     <span class='ocr_line' id='line_1_4' title="bbox 231 678 977 752; baseline -0.001 -16"><span class='ocrx_word' id='word_1_18' title='bbox 231 679 260 737; x_wconf 95' lang='lat' dir='ltr'>O</span> <span class='ocrx_word' id='word_1_19' title='bbox 273 679 382 737; x_wconf 90' lang='lat' dir='ltr'><strong>miseril</strong></span> <span class='ocrx_word' id='word_1_20' title='bbox 410 682 463 750; x_wconf 89' lang='lat' dir='ltr'><strong>Te,</strong></span> <span class='ocrx_word' id='word_1_21' title='bbox 476 683 585 752; x_wconf 87' lang='lat' dir='ltr'><strong>Turne,</strong></span> <span class='ocrx_word' id='word_1_22' title='bbox 604 682 694 749; x_wconf 84' lang='lat' dir='ltr'><strong>nefas,</strong></span> <span class='ocrx_word' id='word_1_23' title='bbox 715 691 744 738; x_wconf 91' lang='lat' dir='ltr'><strong>te</strong></span> <span class='ocrx_word' id='word_1_24' title='bbox 758 679 835 738; x_wconf 89' lang='lat' dir='ltr'><strong>triste</strong></span> <span class='ocrx_word' id='word_1_25' title='bbox 847 678 977 736; x_wconf 89' lang='lat' dir='ltr'><strong>manebit</strong></span> 
     </span>
     <span class='ocr_line' id='line_1_5' title="bbox 231 780 926 858; baseline 0 -20"><span class='ocrx_word' id='word_1_26' title='bbox 231 780 409 858; x_wconf 85' lang='lat' dir='ltr'><strong>Supplicium</strong></span> <span class='ocrx_word' id='word_1_27' title='bbox 416 806 425 853; x_wconf 79' lang='lat'>5</span> <span class='ocrx_word' id='word_1_28' title='bbox 445 783 575 858; x_wconf 79' lang='lat' dir='ltr'><strong>votisque</strong></span> <span class='ocrx_word' id='word_1_29' title='bbox 587 785 655 841; x_wconf 85' lang='lat' dir='ltr'><strong>deos</strong></span> <span class='ocrx_word' id='word_1_30' title='bbox 667 785 836 841; x_wconf 86' lang='lat' dir='ltr'><strong>venerabere</strong></span> <span class='ocrx_word' id='word_1_31' title='bbox 850 780 926 838; x_wconf 85' lang='lat' dir='ltr'><strong>seris.</strong></span> 
     </span>
     <span class='ocr_line' id='line_1_6' title="bbox 232 883 1025 961; baseline -0.003 -19"><span class='ocrx_word' id='word_1_32' title='bbox 232 884 313 942; x_wconf 90' lang='lat' dir='ltr'><strong>Nam</strong></span> <span class='ocrx_word' id='word_1_33' title='bbox 320 883 392 944; x_wconf 90' lang='lat' dir='ltr'><strong>mihi</strong></span> <span class='ocrx_word' id='word_1_34' title='bbox 401 894 482 960; x_wconf 86' lang='lat' dir='ltr'><strong>parta</strong></span> <span class='ocrx_word' id='word_1_35' title='bbox 491 884 582 960; x_wconf 87' lang='lat' dir='ltr'><strong>quies,</strong></span> <span class='ocrx_word' id='word_1_36' title='bbox 595 885 744 961; x_wconf 82' lang='lat' dir='ltr'><strong>omnisque</strong></span> <span class='ocrx_word' id='word_1_37' title='bbox 757 883 789 942; x_wconf 90' lang='lat' dir='ltr'><strong>in</strong></span> <span class='ocrx_word' id='word_1_38' title='bbox 801 883 902 942; x_wconf 89' lang='lat' dir='ltr'><strong>limine</strong></span> <span class='ocrx_word' id='word_1_39' title='bbox 912 890 1025 960; x_wconf 62' lang='lat' dir='ltr'><strong>portura</strong></span> 
     </span>
     <span class='ocr_line' id='line_1_7' title="bbox 233 984 884 1064; baseline -0.002 -20"><span class='ocrx_word' id='word_1_40' title='bbox 233 985 343 1044; x_wconf 82' lang='lat' dir='ltr'><strong>Funere</strong></span> <span class='ocrx_word' id='word_1_41' title='bbox 356 985 434 1044; x_wconf 86' lang='lat' dir='ltr'><strong>felici</strong></span> <span class='ocrx_word' id='word_1_42' title='bbox 446 984 558 1062; x_wconf 84' lang='lat' dir='ltr'><strong>spolior.</strong></span> <span class='ocrx_word' id='word_1_43' title='bbox 599 989 631 1044; x_wconf 96' lang='lat' dir='ltr'>N</span> <span class='ocrx_word' id='word_1_44' title='bbox 631 1006 664 1044; x_wconf 86' lang='lat' dir='ltr'><strong>ec</strong></span> <span class='ocrx_word' id='word_1_45' title='bbox 677 987 759 1064; x_wconf 90' lang='lat' dir='ltr'><strong>plura</strong></span> <span class='ocrx_word' id='word_1_46' title='bbox 772 987 884 1044; x_wconf 87' lang='lat' dir='ltr'><strong>locutus</strong></span> 
     </span>
     <span class='ocr_line' id='line_1_8' title="bbox 234 1086 922 1164; baseline 0.004 -21"><span class='ocrx_word' id='word_1_47' title='bbox 234 1087 332 1162; x_wconf 76' lang='lat' dir='ltr'><strong>Stepfit</strong></span> <span class='ocrx_word' id='word_1_48' title='bbox 344 1086 373 1144; x_wconf 90' lang='lat' dir='ltr'><strong>se</strong></span> <span class='ocrx_word' id='word_1_49' title='bbox 387 1087 477 1156; x_wconf 75' lang='lat' dir='ltr'><strong>tectis,</strong></span> <span class='ocrx_word' id='word_1_50' title='bbox 496 1106 648 1164; x_wconf 83' lang='lat' dir='ltr'><strong>rerumque</strong></span> <span class='ocrx_word' id='word_1_51' title='bbox 661 1088 777 1164; x_wconf 88' lang='lat' dir='ltr'><strong>reliquit</strong></span> <span class='ocrx_word' id='word_1_52' title='bbox 790 1089 922 1146; x_wconf 83' lang='lat' dir='ltr'><strong>habenas.</strong></span> 
     </span>
    </p>

    <p class='ocr_par' dir='ltr' id='par_1_3' title="bbox 273 1189 1028 1266">
     <span class='ocr_line' id='line_1_9' title="bbox 273 1189 1028 1266; baseline 0 -20"><span class='ocrx_word' id='word_1_53' title='bbox 273 1189 341 1246; x_wconf 82' lang='lat' dir='ltr'><strong>Mos</strong></span> <span class='ocrx_word' id='word_1_54' title='bbox 352 1198 414 1248; x_wconf 86' lang='lat' dir='ltr'><strong>erat</strong></span> <span class='ocrx_word' id='word_1_55' title='bbox 423 1189 563 1266; x_wconf 85' lang='lat' dir='ltr'><strong>Hesperio</strong></span> <span class='ocrx_word' id='word_1_56' title='bbox 574 1190 608 1247; x_wconf 90' lang='lat' dir='ltr'><strong>in</strong></span> <span class='ocrx_word' id='word_1_57' title='bbox 620 1191 713 1261; x_wconf 86' lang='lat' dir='ltr'><strong>Latio,</strong></span> <span class='ocrx_word' id='word_1_58' title='bbox 734 1209 820 1265; x_wconf 88' lang='lat' dir='ltr'><strong>quem</strong></span> <span class='ocrx_word' id='word_1_59' title='bbox 832 1200 967 1266; x_wconf 84' lang='lat' dir='ltr'><strong>protenus</strong></span> <span class='ocrx_word' id='word_1_60' title='bbox 979 1206 1028 1246; x_wconf 89' lang='lat' dir='ltr'><strong>nr·</strong></span> 
     </span>
    </p>

    <p class='ocr_par' dir='ltr' id='par_1_4' title="bbox 234 1292 1030 1974">
     <span class='ocr_line' id='line_1_10' title="bbox 350 1292 401 1348; baseline 0.02 -1"><span class='ocrx_word' id='word_1_61' title='bbox 350 1292 401 1348; x_wconf 86' lang='lat' dir='ltr'><strong>bes</strong></span> 
     </span>
     <span class='ocr_line' id='line_1_11' title="bbox 234 1392 970 1464; baseline -0.003 -12"><span class='ocrx_word' id='word_1_62' title='bbox 234 1392 357 1452; x_wconf 83' lang='lat' dir='ltr'><strong>Albanae</strong></span> <span class='ocrx_word' id='word_1_63' title='bbox 370 1393 483 1451; x_wconf 88' lang='lat' dir='ltr'><strong>coluere</strong></span> <span class='ocrx_word' id='word_1_64' title='bbox 495 1392 615 1464; x_wconf 87' lang='lat' dir='ltr'><strong>sacrum,</strong></span> <span class='ocrx_word' id='word_1_65' title='bbox 637 1413 714 1452; x_wconf 90' lang='lat' dir='ltr'><strong>nunc</strong></span> <span class='ocrx_word' id='word_1_66' title='bbox 726 1413 861 1452; x_wconf 84' lang='lat' dir='ltr'><strong>maxuma</strong></span> <span class='ocrx_word' id='word_1_67' title='bbox 874 1411 970 1451; x_wconf 87' lang='lat' dir='ltr'><strong>rernm</strong></span> 
     </span>
     <span class='ocr_line' id='line_1_12' title="bbox 236 1495 1029 1572; baseline -0.003 -18"><span class='ocrx_word' id='word_1_68' title='bbox 236 1496 328 1554; x_wconf 83' lang='lat' dir='ltr'><strong>Roma</strong></span> <span class='ocrx_word' id='word_1_69' title='bbox 340 1495 410 1553; x_wconf 92' lang='lat' dir='ltr'><strong>colit</strong></span> <span class='ocrx_word' id='word_1_70' title='bbox 414 1520 424 1568; x_wconf 79' lang='lat'>3</span> <span class='ocrx_word' id='word_1_71' title='bbox 446 1515 536 1572; x_wconf 89' lang='lat' dir='ltr'><strong>quum</strong></span> <span class='ocrx_word' id='word_1_72' title='bbox 548 1496 640 1572; x_wconf 89' lang='lat' dir='ltr'><strong>prima</strong></span> <span class='ocrx_word' id='word_1_73' title='bbox 657 1505 775 1553; x_wconf 90' lang='lat' dir='ltr'><strong>movent</strong></span> <span class='ocrx_word' id='word_1_74' title='bbox 786 1495 818 1552; x_wconf 90' lang='lat' dir='ltr'><strong>in</strong></span> <span class='ocrx_word' id='word_1_75' title='bbox 836 1495 937 1572; x_wconf 86' lang='lat' dir='ltr'><strong>proelia</strong></span> <span class='ocrx_word' id='word_1_76' title='bbox 950 1495 1029 1552; x_wconf 90' lang='lat' dir='ltr'><strong>Mar·</strong></span> 
     </span>
     <span class='ocr_line' id='line_1_13' title="bbox 314 1606 383 1665; baseline 0 -11"><span class='ocrx_word' id='word_1_77' title='bbox 314 1606 383 1665; x_wconf 89' lang='lat' dir='ltr'><strong>tem,</strong></span> 
     </span>
     <span class='ocr_line' id='line_1_14' title="bbox 236 1697 933 1766; baseline 0.001 -10"><span class='ocrx_word' id='word_1_78' title='bbox 236 1697 303 1756; x_wconf 87' lang='lat' dir='ltr'><strong>Sive</strong></span> <span class='ocrx_word' id='word_1_79' title='bbox 314 1700 395 1757; x_wconf 81' lang='lat' dir='ltr'><strong>Getis</strong></span> <span class='ocrx_word' id='word_1_80' title='bbox 408 1698 513 1758; x_wconf 89' lang='lat' dir='ltr'><strong>inferre</strong></span> <span class='ocrx_word' id='word_1_81' title='bbox 525 1718 614 1758; x_wconf 83' lang='lat' dir='ltr'><strong>manu</strong></span> <span class='ocrx_word' id='word_1_82' title='bbox 625 1700 802 1758; x_wconf 83' lang='lat' dir='ltr'><strong>lacrimabile</strong></span> <span class='ocrx_word' id='word_1_83' title='bbox 815 1700 933 1766; x_wconf 88' lang='lat' dir='ltr'><strong>bellurn,</strong></span> 
     </span>
     <span class='ocr_line' id='line_1_15' title="bbox 236 1801 1030 1879; baseline -0.005 -19"><span class='ocrx_word' id='word_1_84' title='bbox 236 1801 423 1878; x_wconf 86' lang='lat' dir='ltr'><strong>Hyrcanisve,</strong></span> <span class='ocrx_word' id='word_1_85' title='bbox 436 1801 584 1871; x_wconf 81' lang='lat' dir='ltr'><strong>Arabisve,</strong></span> <span class='ocrx_word' id='word_1_86' title='bbox 601 1811 716 1879; x_wconf 77' lang='lat' dir='ltr'><strong>parant3</strong></span> <span class='ocrx_word' id='word_1_87' title='bbox 737 1801 786 1860; x_wconf 85' lang='lat' dir='ltr'><strong>seu</strong></span> <span class='ocrx_word' id='word_1_88' title='bbox 799 1802 915 1859; x_wconf 90' lang='lat' dir='ltr'><strong>tendere</strong></span> <span class='ocrx_word' id='word_1_89' title='bbox 932 1801 967 1858; x_wconf 91' lang='lat' dir='ltr'><strong>ad</strong></span> <span class='ocrx_word' id='word_1_90' title='bbox 979 1801 1030 1856; x_wconf 90' lang='lat' dir='ltr'><strong>In·</strong></span> 
     </span>
     <span class='ocr_line' id='line_1_16' title="bbox 315 1905 374 1974; baseline 0 -12"><span class='ocrx_word' id='word_1_91' title='bbox 315 1905 374 1974; x_wconf 81' lang='lat' dir='ltr'>dos,</span> 
     </span>
    </p>

    <p class='ocr_par' dir='ltr' id='par_1_5' title="bbox 186 2005 995 3310">
     <span class='ocr_line' id='line_1_17' title="bbox 237 2005 991 2083; baseline -0.005 -18"><span class='ocrx_word' id='word_1_92' title='bbox 237 2009 438 2082; x_wconf 84' lang='lat' dir='ltr'><strong>Auroramque</strong></span> <span class='ocrx_word' id='word_1_93' title='bbox 450 2007 538 2083; x_wconf 88' lang='lat' dir='ltr'><strong>sequi,</strong></span> <span class='ocrx_word' id='word_1_94' title='bbox 561 2008 733 2082; x_wconf 83' lang='lat' dir='ltr'><strong>Parthosque</strong></span> <span class='ocrx_word' id='word_1_95' title='bbox 749 2005 891 2081; x_wconf 87' lang='lat' dir='ltr'><strong>reposcere</strong></span> <span class='ocrx_word' id='word_1_96' title='bbox 903 2005 991 2080; x_wconf 83' lang='lat' dir='ltr'><strong>figna.</strong></span> 
     </span>
     <span class='ocr_line' id='line_1_18' title="bbox 238 2106 953 2185; baseline -0.006 -19"><span class='ocrx_word' id='word_1_97' title='bbox 238 2110 310 2166; x_wconf 88' lang='lat' dir='ltr'><strong>Sunt</strong></span> <span class='ocrx_word' id='word_1_98' title='bbox 323 2109 447 2185; x_wconf 84' lang='lat' dir='ltr'><strong>geminae</strong></span> <span class='ocrx_word' id='word_1_99' title='bbox 458 2108 532 2166; x_wconf 88' lang='lat' dir='ltr'><strong>Belli</strong></span> <span class='ocrx_word' id='word_1_100' title='bbox 546 2118 645 2183; x_wconf 85' lang='lat' dir='ltr'><strong>portae,</strong></span> <span class='ocrx_word' id='word_1_101' title='bbox 665 2108 702 2165; x_wconf 86' lang='lat' dir='ltr'><strong>fic</strong></span> <span class='ocrx_word' id='word_1_102' title='bbox 715 2106 832 2165; x_wconf 86' lang='lat' dir='ltr'><strong>nomine</strong></span> <span class='ocrx_word' id='word_1_103' title='bbox 845 2106 953 2174; x_wconf 89' lang='lat' dir='ltr'><strong>dicunt,</strong></span> 
     </span>
     <span class='ocr_line' id='line_1_19' title="bbox 238 2207 916 2284; baseline -0.004 -18"><span class='ocrx_word' id='word_1_104' title='bbox 238 2209 390 2284; x_wconf 83' lang='lat' dir='ltr'><strong>Religione</strong></span> <span class='ocrx_word' id='word_1_105' title='bbox 402 2209 495 2276; x_wconf 83' lang='lat' dir='ltr'><strong>sacrae,</strong></span> <span class='ocrx_word' id='word_1_106' title='bbox 515 2219 545 2265; x_wconf 86' lang='lat' dir='ltr'><strong>et</strong></span> <span class='ocrx_word' id='word_1_107' title='bbox 556 2207 623 2265; x_wconf 84' lang='lat' dir='ltr'><strong>saevi</strong></span> <span class='ocrx_word' id='word_1_108' title='bbox 636 2207 787 2265; x_wconf 86' lang='lat' dir='ltr'><strong>formidine</strong></span> <span class='ocrx_word' id='word_1_109' title='bbox 798 2208 916 2265; x_wconf 84' lang='lat' dir='ltr'><strong>Martis:</strong></span> 
     </span>
     <span class='ocr_line' id='line_1_20' title="bbox 238 2306 967 2384; baseline -0.003 -17"><span class='ocrx_word' id='word_1_110' title='bbox 238 2312 365 2367; x_wconf 79' lang='lat' dir='ltr'><strong>Centum</strong></span> <span class='ocrx_word' id='word_1_111' title='bbox 377 2310 443 2367; x_wconf 84' lang='lat' dir='ltr'><strong>aerei</strong></span> <span class='ocrx_word' id='word_1_112' title='bbox 455 2310 594 2366; x_wconf 89' lang='lat' dir='ltr'><strong>claudunt</strong></span> <span class='ocrx_word' id='word_1_113' title='bbox 605 2310 706 2378; x_wconf 73' lang='lat' dir='ltr'><strong>vectes,</strong></span> <span class='ocrx_word' id='word_1_114' title='bbox 727 2317 887 2384; x_wconf 83' lang='lat' dir='ltr'><strong>aeternaque</strong></span> <span class='ocrx_word' id='word_1_115' title='bbox 899 2306 967 2365; x_wconf 85' lang='lat' dir='ltr'><strong>ferri</strong></span> 
     </span>
     <span class='ocr_line' id='line_1_21' title="bbox 238 2410 883 2487; baseline -0.002 -17"><span class='ocrx_word' id='word_1_116' title='bbox 238 2413 350 2470; x_wconf 78' lang='lat' dir='ltr'><strong>Robora</strong></span> <span class='ocrx_word' id='word_1_117' title='bbox 355 2436 365 2483; x_wconf 84' lang='lat'>3</span> <span class='ocrx_word' id='word_1_118' title='bbox 386 2429 439 2468; x_wconf 86' lang='lat' dir='ltr'><strong>nec</strong></span> <span class='ocrx_word' id='word_1_119' title='bbox 452 2410 542 2467; x_wconf 85' lang='lat' dir='ltr'><strong>custos</strong></span> <span class='ocrx_word' id='word_1_120' title='bbox 554 2410 660 2468; x_wconf 78' lang='lat' dir='ltr'><strong>absistit</strong></span> <span class='ocrx_word' id='word_1_121' title='bbox 672 2410 772 2467; x_wconf 87' lang='lat' dir='ltr'><strong>limine</strong></span> <span class='ocrx_word' id='word_1_122' title='bbox 783 2411 883 2487; x_wconf 70' lang='lat' dir='ltr'><strong>JanuS.</strong></span> 
     </span>
     <span class='ocr_line' id='line_1_22' title="bbox 238 2511 979 2588; baseline -0.004 -16"><span class='ocrx_word' id='word_1_123' title='bbox 238 2513 310 2582; x_wconf 87' lang='lat' dir='ltr'><strong>Has,</strong></span> <span class='ocrx_word' id='word_1_124' title='bbox 329 2513 381 2570; x_wconf 93' lang='lat' dir='ltr'><strong>ubi</strong></span> <span class='ocrx_word' id='word_1_125' title='bbox 393 2521 469 2569; x_wconf 89' lang='lat' dir='ltr'><strong>certa</strong></span> <span class='ocrx_word' id='word_1_126' title='bbox 482 2511 559 2569; x_wconf 86' lang='lat' dir='ltr'><strong>sedet</strong></span> <span class='ocrx_word' id='word_1_127' title='bbox 573 2513 699 2588; x_wconf 84' lang='lat' dir='ltr'><strong>patribus</strong></span> <span class='ocrx_word' id='word_1_128' title='bbox 712 2511 852 2569; x_wconf 85' lang='lat' dir='ltr'><strong>sententia</strong></span> <span class='ocrx_word' id='word_1_129' title='bbox 865 2530 979 2588; x_wconf 81' lang='lat' dir='ltr'><strong>pugnae,</strong></span> 
     </span>
     <span class='ocr_line' id='line_1_23' title="bbox 186 2612 881 2692; baseline -0.006 -18"><span class='ocrx_word' id='word_1_130' title='bbox 186 2621 189 2629; x_wconf 81' lang='lat'><em>&#39;</em></span> <span class='ocrx_word' id='word_1_131' title='bbox 239 2615 313 2692; x_wconf 89' lang='lat' dir='ltr'><strong>Ipse,</strong></span> <span class='ocrx_word' id='word_1_132' title='bbox 334 2613 480 2673; x_wconf 76' lang='lat' dir='ltr'><strong>Quirinali</strong></span> <span class='ocrx_word' id='word_1_133' title='bbox 493 2614 589 2671; x_wconf 74' lang='lat' dir='ltr'><strong>trabea</strong></span> <span class='ocrx_word' id='word_1_134' title='bbox 601 2612 754 2689; x_wconf 69' lang='lat' dir='ltr'><strong>cinctuque</strong></span> <span class='ocrx_word' id='word_1_135' title='bbox 767 2612 881 2671; x_wconf 88' lang='lat' dir='ltr'><strong>Gabino</strong></span> 
     </span>
     <span class='ocr_line' id='line_1_24' title="bbox 239 2714 901 2795; baseline -0.003 -19"><span class='ocrx_word' id='word_1_136' title='bbox 239 2717 371 2795; x_wconf 84' lang='lat' dir='ltr'><strong>Infignis,</strong></span> <span class='ocrx_word' id='word_1_137' title='bbox 390 2715 494 2785; x_wconf 76' lang='lat' dir='ltr'><strong>reserat</strong></span> <span class='ocrx_word' id='word_1_138' title='bbox 507 2714 651 2772; x_wconf 87' lang='lat' dir='ltr'><strong>stridentia</strong></span> <span class='ocrx_word' id='word_1_139' title='bbox 665 2714 765 2773; x_wconf 86' lang='lat' dir='ltr'><strong>limina</strong></span> <span class='ocrx_word' id='word_1_140' title='bbox 778 2714 901 2787; x_wconf 85' lang='lat' dir='ltr'><strong>Consn13</strong></span> 
     </span>
     <span class='ocr_line' id='line_1_25' title="bbox 239 2816 995 2898; baseline -0.004 -20"><span class='ocrx_word' id='word_1_141' title='bbox 239 2820 304 2898; x_wconf 90' lang='lat' dir='ltr'><strong>Ipse</strong></span> <span class='ocrx_word' id='word_1_142' title='bbox 316 2828 397 2877; x_wconf 88' lang='lat' dir='ltr'><strong>vocat</strong></span> <span class='ocrx_word' id='word_1_143' title='bbox 409 2836 532 2895; x_wconf 86' lang='lat' dir='ltr'><strong>pugnas:</strong></span> <span class='ocrx_word' id='word_1_144' title='bbox 555 2816 682 2892; x_wconf 84' lang='lat' dir='ltr'><strong>sequitur</strong></span> <span class='ocrx_word' id='word_1_145' title='bbox 699 2818 774 2874; x_wconf 90' lang='lat' dir='ltr'><strong>dum·</strong></span> <span class='ocrx_word' id='word_1_146' title='bbox 783 2826 883 2875; x_wconf 84' lang='lat' dir='ltr'><strong>caetera</strong></span> <span class='ocrx_word' id='word_1_147' title='bbox 896 2819 995 2895; x_wconf 87' lang='lat' dir='ltr'><strong>pubes,</strong></span> 
     </span>
     <span class='ocr_line' id='line_1_26' title="bbox 240 2918 918 2997; baseline -0.004 -15"><span class='ocrx_word' id='word_1_148' title='bbox 240 2924 386 2997; x_wconf 82' lang='lat' dir='ltr'><strong>AEreaque</strong></span> <span class='ocrx_word' id='word_1_149' title='bbox 398 2920 515 2979; x_wconf 87' lang='lat' dir='ltr'><strong>adsensu</strong></span> <span class='ocrx_word' id='word_1_150' title='bbox 528 2918 690 2995; x_wconf 88' lang='lat' dir='ltr'><strong>conspirant</strong></span> <span class='ocrx_word' id='word_1_151' title='bbox 706 2938 811 2977; x_wconf 88' lang='lat' dir='ltr'><strong>cornua</strong></span> <span class='ocrx_word' id='word_1_152' title='bbox 824 2938 918 2979; x_wconf 91' lang='lat' dir='ltr'><strong>rauco.</strong></span> 
     </span>
     <span class='ocr_line' id='line_1_27' title="bbox 239 3020 932 3082; baseline -0.003 0"><span class='ocrx_word' id='word_1_153' title='bbox 239 3026 306 3082; x_wconf 89' lang='lat' dir='ltr'><strong>Hoc</strong></span> <span class='ocrx_word' id='word_1_154' title='bbox 319 3033 350 3081; x_wconf 85' lang='lat' dir='ltr'><strong>et</strong></span> <span class='ocrx_word' id='word_1_155' title='bbox 362 3033 425 3080; x_wconf 91' lang='lat' dir='ltr'><strong>tum</strong></span> <span class='ocrx_word' id='word_1_156' title='bbox 437 3021 577 3079; x_wconf 87' lang='lat' dir='ltr'><strong>AEneadis</strong></span> <span class='ocrx_word' id='word_1_157' title='bbox 588 3020 713 3079; x_wconf 87' lang='lat' dir='ltr'><strong>indicere</strong></span> <span class='ocrx_word' id='word_1_158' title='bbox 726 3022 801 3079; x_wconf 86' lang='lat' dir='ltr'><strong>bella</strong></span> <span class='ocrx_word' id='word_1_159' title='bbox 814 3023 932 3081; x_wconf 81' lang='lat' dir='ltr'><strong>Latinus</strong></span> 
     </span>
     <span class='ocr_line' id='line_1_28' title="bbox 240 3117 931 3200; baseline 0 -19"><span class='ocrx_word' id='word_1_160' title='bbox 240 3126 325 3185; x_wconf 89' lang='lat' dir='ltr'><strong>More</strong></span> <span class='ocrx_word' id='word_1_161' title='bbox 334 3123 497 3200; x_wconf 83' lang='lat' dir='ltr'><strong>jubebatur,</strong></span> <span class='ocrx_word' id='word_1_162' title='bbox 517 3122 658 3198; x_wconf 86' lang='lat' dir='ltr'><strong>tristisque</strong></span> <span class='ocrx_word' id='word_1_163' title='bbox 671 3117 816 3181; x_wconf 79' lang='lat' dir='ltr'><strong>recludere</strong></span> <span class='ocrx_word' id='word_1_164' title='bbox 829 3134 931 3200; x_wconf 80' lang='lat' dir='ltr'><strong>portas.</strong></span> 
     </span>
     <span class='ocr_line' id='line_1_29' title="bbox 240 3225 891 3310; baseline 0.002 -25"><span class='ocrx_word' id='word_1_165' title='bbox 240 3226 389 3298; x_wconf 87' lang='lat' dir='ltr'><strong>Abstinuit</strong></span> <span class='ocrx_word' id='word_1_166' title='bbox 402 3226 479 3283; x_wconf 68' lang='lat' dir='ltr'><strong>tactu</strong></span> <span class='ocrx_word' id='word_1_167' title='bbox 490 3235 581 3302; x_wconf 82' lang='lat' dir='ltr'><strong>pater,</strong></span> <span class='ocrx_word' id='word_1_168' title='bbox 601 3225 770 3310; x_wconf 84' lang='lat' dir='ltr'><strong>aversusque</strong></span> <span class='ocrx_word' id='word_1_169' title='bbox 782 3226 891 3304; x_wconf 82' lang='lat' dir='ltr'><strong>refugit</strong></span> 
     </span>
    </p>
   </div>
   <div class='ocr_carea' id='block_1_3' title="bbox 1066 2610 1186 2633">
    <p class='ocr_par' dir='ltr' id='par_1_6' title="bbox 1066 2610 1186 2633">
     <span class='ocr_line' id='line_1_30' title="bbox 1066 2610 1186 2633; baseline 0 0"><span class='ocrx_word' id='word_1_170' title='bbox 1066 2610 1186 2633; x_wconf 50' lang='grc' dir='ltr'><strong>...Δ</strong></span> 
     </span>
    </p>
   </div>
   <div class='ocr_carea' id='block_1_4' title="bbox 0 0 1274 3875">
    <p class='ocr_par' dir='ltr' id='par_1_7' title="bbox 0 0 1274 3875">
     <span class='ocr_line' id='line_1_31' title="bbox 0 0 1274 3875; baseline 0 0"><span class='ocrx_word' id='word_1_171' title='bbox 0 0 1274 3875; x_wconf 95' lang='lat' dir='ltr'><strong> </strong></span> 
     </span>
    </p>
   </div>
  </div>
 </body>
</html>
