2509 3875
223 336 336 399 mim.
535 336 587 395 LI
603 336 633 393 B.
673 335 712 395 X.
954 342 1031 405 ‘2¹7

228 494 337 551 Oratur
346 492 457 570 juveni,
477 512 581 569 meque
593 493 649 551 hoc
662 492 702 551 ita
715 508 822 568 ponere
834 488 921 549 sentia
926 514 936 561 ς
972 544 976 549 .

227 596 312 655 Tolle
325 596 394 672 fugi
405 597 548 665 Turnum,
570 606 657 671 atque
666 594 837 653 instantibus
848 594 927 671 eripe
939 593 1015 653 satis.

228 700 375 759 Hastenus
387 697 530 757 indulfiffe
543 710 634 756 vacat.
675 697 725 755 Sin
738 696 823 754 altior
835 696 894 756 istis

229 802 287 859 Sub
300 800 432 877 precibus
444 802 527 858 venia
540 800 599 861 ulla
614 800 696 868 latet,
716 810 867 874 totumque
879 799 997 870 moveri,

228 903 375 961 Mutarive
388 912 481 980 putas,
502 903 623 974 bellum,
646 903 708 979 spei
719 901 810 980 pascis
821 901 926 961 inanis.

227 1007 266 1065 Et
273 1008 360 1083 Juno,
369 1007 578 1069 adlacrumans:
596 1004 1028 1083 Quidfi‚quodvooegravaria,

227 1110 330 1167 Mente
341 1110 435 1180 dares3
457 1119 544 1185 atque
554 1109 616 1167 haec
623 1110 725 1167 Turno
737 1118 799 1166 rata
809 1108 868 1166 vita
881 1108 1027 1168 maneret!

226 1212 259 1269 N
261 1230 316 1269 unc
329 1222 427 1271 manet
440 1212 583 1269 insontem
596 1213 690 1289 gravis
701 1211 808 1271 exitus:
836 1220 887 1269 aut
899 1230 954 1288 ego
968 1210 1029 1269 veri

226 1315 309 1372 Vana
322 1315 406 1373 feror.
448 1314 537 1373 Quod
550 1315 627 1373 uto!
649 1314 745 1391 potius
757 1314 912 1373 formidine
925 1313 995 1374 falsa

226 1418 323 1475 Ludat
327 1442 336 1488 3
357 1426 388 1475 et
399 1418 431 1475 iu
445 1418 547 1475 melius
560 1427 618 1486 tua,
636 1418 689 1494 qui
701 1426 791 1493 poten,
808 1417 871 1475 orsa
882 1416 1024 1476 refleflas!

265 1521 338 1579 Haec
351 1520 402 1579 ubi
414 1520 489 1579 dieta
503 1520 592 1589 dedit,
612 1520 685 1579 coelo
698 1519 728 1577 se
742 1530 877 1595 proteum
888 1520 949 1577 alto

227 1622 318 1691 Misit,
331 1642 417 1699 agens
430 1622 566 1692 hiemem,
588 1622 688 1680 nimbo
701 1622 853 1692 succinda,
866 1640 1025 1697 peramat,

226 1724 401 1801 Iliacamque
413 1726 513 1793 aciem,
533 1736 563 1783 et
576 1724 730 1783 Laurentia
742 1724 839 1793 castra,
858 1725 974 1801 petivit.

226 1828 303 1887 Tum
318 1828 380 1885 Dea
392 1831 470 1887 nube
482 1828 552 1887 cava
566 1837 684 1886 tenuem
696 1827 756 1888 fine
768 1827 877 1885 viribus
892 1830 1026 1889 umbram

225 1932 260 1989 In
276 1930 380 1990 faciem
392 1930 507 2001 AEneae,
520 1929 583 1990 visu
596 1929 729 1990 mimbiie
740 1930 914 1988 monstrum!

224 2034 379 2092 Dardaniis
393 2043 475 2092 ornat
489 2034 566 2104 telis3
588 2007 781 2109 clipeumque,
796 2031 947 2109 jubasque,

225 2136 326 2194 Divini
339 2137 490 2196 adsimulat
502 2135 617 2213 capitis:
641 2137 691 2194 dat
703 2136 801 2194 inania
814 2138 908 2203 verba,

224 2240 283 2298 Dat
293 2239 350 2298 tine
358 2250 456 2298 mente
466 2239 567 2296 sonum
573 2264 581 2309 3
597 2239 1021 2317 metiumque-efflagiteuntia:

223 2343 322 2408 Morte
334 2341 413 2401 obita
426 2342 524 2418 quales
536 2342 612 2400 sama
626 2342 666 2400 est
679 2341 797 2401 volitare
810 2343 924 2421 figuras,
1003 2389 1010 2398 .

225 2447 287 2502 Aut
300 2464 365 2521 quae
377 2443 483 2521 sopitos
495 2445 637 2503 deludunt
650 2445 759 2504 somnia
773 2446 877 2505 sensus.

224 2549 267 2604 At
280 2547 384 2622 primas
396 2547 462 2606 laeta
476 2556 543 2605 ante
556 2547 630 2606 acies
642 2548 766 2606 exsultat
776 2549 884 2627 imago,

224 2648 384 2724 inritatque
397 2650 491 2708 virum
505 2650 576 2719 telis,
597 2659 627 2707 et
639 2670 708 2708 voce
721 2651 835 2710 laceffit.

224 2749 313 2808 Instat
324 2752 372 2809 cui
381 2753 505 2822 Turnus,
526 2752 748 2828 stridentemque
760 2755 874 2812 eminus
885 2753 993 2812 hastam

224 2851 364 2929 conjicit:
386 2855 436 2914 illa
449 2857 517 2912 dato
530 2855 616 2914 vertit
629 2855 746 2932 vestigia
761 2865 853 2932 tergo.

223 2958 300 3015 Tum
314 2975 381 3014 vero
394 2959 509 3014 AEnean
524 2955 653 3016 aversum
666 2967 698 3014 ut
713 2960 814 3016 cedere
828 2959 944 3016 Turum

223 3059 362 3128 Credidit,
382 3071 469 3135 atque
489 3060 587 3118 animo
607 3059 688 3136 spem
711 3060 841 3118 turbidus
859 3061 955 3120 haufit
974 3062 1020 3121 in·

300 3181 400 3222 anem:

222 3267 292 3348 Qua
303 3265 390 3342 fugis,
412 3263 524 3324 AEnea?
547 3263 687 3324 thalamos
699 3283 737 3325 ne
749 3265 846 3326 desere
857 3269 966 3346 patim:
