2509 3875
242 331 353 391 noea.
552 332 651 390 nra.
691 331 744 389 vn
1008 313 1064 402 αρ’

246 490 385 563 fataque,
395 487 581 562 fortunasque
590 487 695 555 virbm,
708 503 866 562 moresque,
877 501 1044 561 manusque.

246 591 334 665 Isque
345 588 408 658 nbi,
420 590 587 648 tendentem
598 587 748 648 adversum
760 607 812 665 per
821 587 959 664 gramina,
971 585 1045 648 vidit

246 692 375 760 AEnean‚
395 690 494 748 alacris
506 691 615 766 palmas
625 699 760 766 utrasque
774 690 911 760 tetendit3

247 792 411 868 Effusaeque
424 793 506 868 genis
516 793 657 863 lacrimae,
679 803 711 850 et
721 811 776 850 vox
789 790 899 850 excidit
910 809 974 850 oret

186 875 191 880 ⁸
250 894 362 954 Venisti
374 896 500 965 tandem,
522 905 628 971 tuaque
645 894 767 971 speetata
780 892 891 972 parenti

246 997 331 1057 Vicit
343 996 399 1054 iter
410 997 514 1054 durum
526 995 632 1072 pietas?
653 997 738 1054 datur
750 1015 798 1054 ora
812 994 895 1063 tueri,

247 1100 338 1167 Nate,
358 1107 424 1169 tua,
445 1107 476 1155 et
488 1108 569 1156 noras
581 1097 689 1168 audire,
710 1108 739 1156 et
752 1099 876 1169 reddere,
897 1100 995 1156 voces?

248 1201 298 1258 Sic
310 1199 444 1275 equidem
457 1201 597 1257 ducebam
610 1200 716 1270 animo,
737 1200 875 1275 rebarque
886 1199 1027 1269 futurum,

248 1304 394 1378 Tempora
407 1302 604 1373 dinumerans,
626 1319 680 1360 nec
693 1320 740 1360 mc
752 1319 816 1359 mea
830 1321 897 1358 cura
910 1301 1024 1360 fefellit.

250 1405 335 1462 Quas
347 1423 401 1481 ego
411 1413 443 1462 ,te
456 1413 551 1475 terrae,
571 1414 601 1462 et
613 1412 720 1480 quanta
732 1421 784 1480 per
794 1423 908 1480 aequora
920 1405 1042 1463 ventum,

248 1505 389 1582 Adcipio!
411 1505 525 1582 quantis
535 1505 685 1582 jactatum,
705 1515 780 1577 nate,
800 1505 927 1582 periclis!

251 1609 352 1666 Quam
364 1608 464 1676 metui,
478 1609 598 1683 nequid
611 1607 712 1685 Libyae
730 1608 782 1666 tibi
796 1627 883 1684 regna
896 1607 1046 1666 nocerent!
1076 1595 1080 1602 ’

251 1711 307 1769 Ille
320 1719 430 1768 antem:
451 1711 515 1767 Tua
529 1729 585 1778 me,
605 1710 727 1786 genitor,
748 1719 797 1770 tua
813 1710 896 1768 tristis
909 1710 1015 1787 imago,
1037 1708 1040 1714 ’

252 1812 361 1888 Saepiun
373 1830 531 1883 occurrens,
551 1811 613 1869 haee
625 1811 726 1869 limina
741 1813 856 1870 tendere
869 1811 981 1888 adegit:

252 1917 336 1975 Stant
347 1914 403 1972 sale
412 1913 563 1990 Tyrrheno
575 1912 680 1973 claffee.
716 1914 762 1971 Da
771 1912 895 1990 jungere
908 1913 1048 1985 dextram,
1072 1913 1078 1965 ἶ

251 2019 310 2088 Da,
329 2016 456 2095 genitor,
478 2026 564 2092 teque
577 2016 710 2092 amplexu
729 2034 766 2072 ne
779 2014 913 2073 subtrahe
926 2001 1038 2074 nostro.¹

253 2120 301 2178 Sic
314 2137 473 2177 memorans
483 2118 564 2195 largo
577 2118 648 2175 fletu
662 2117 743 2175 fimnl
757 2136 805 2174 ora
818 2117 939 2194 rigabat.

251 2223 313 2281 Ter
324 2230 441 2279 conatus
453 2220 495 2278 ibi
507 2221 581 2278 collo
594 2221 660 2277 dare
673 2220 788 2278 brachia
800 2220 923 2279 circum:
1041 2255 1044 2259 -

252 2325 313 2385 Ter
324 2324 425 2382 frustra
437 2322 590 2399 conprensa
603 2342 705 2381 manus
718 2322 820 2401 effugit
832 2324 938 2401 imago,
984 2364 987 2370 -

253 2430 308 2487 Par
319 2428 430 2485 levibus
442 2426 543 2495 ventis,
563 2426 728 2504 volucrique
746 2427 889 2513 fimillima
902 2429 1008 2490 somno.

294 2531 416 2615 Interea,
436 2528 515 2586 videt
527 2528 637 2586 AEneas
651 2528 683 2586 in
696 2528 769 2588 valle
782 2531 897 2589 redutii

256 2632 404 2691 Seclnsum
416 2650 525 2700 nemus,
544 2640 575 2688 ct
587 2631 710 2707 virgulta
724 2631 851 2691 sonantia
864 2633 948 2702 silvis,

256 2734 472 2809 Lethaeumqne,
496 2734 594 2791 domos
614 2733 738 2810 placidas
756 2734 806 2812 qui
821 2743 969 2811 praenatat,
990 2754 1050 2794 anr-

336 2855 414 2894 nem.

256 2941 346 2999 Hunc
365 2939 473 2997 circum
488 2937 647 2995 innumerae
666 2944 774 3015 gentes,
793 2936 958 3014 populique,
973 2938 1051 2998 vola·

336 3043 420 3113 bama

259 3145 315 3212 Ac,
326 3142 417 3201 veluti
429 3142 461 3199 in
474 3140 570 3219 pratis,
588 3140 639 3199 ubi
652 3160 726 3219 apes,
746 3140 839 3197 aestate
851 3139 956 3215 sereni,

260 3246 390 3305 Floribus
401 3244 529 3303 innuunt
540 3242 634 3313 variis,
654 3252 684 3301 et
696 3241 816 3301 candida
829 3242 936 3305 circum
