2509 3875
252 266 314 332 270
514 256 792 329 AENEIDOS,
942 274 969 314 v.
983 261 1049 312 121.

255 410 385 475 Prooodit
397 408 474 491 legio
487 414 677 483 Ausonidum,
696 414 842 491 pilataque
851 409 944 488 plenis

256 516 385 593 Agmina
398 514 426 573 se
440 516 565 575 fundunt
578 516 676 593 portio.
716 515 796 573 Hinc
807 512 912 573 Troius
927 509 1033 580 omnio,

256 616 478 695 Tyrrhenusque
490 618 549 677 ruit
562 618 647 677 variis
658 618 800 677 exercitus
811 614 910 685 omnim

257 720 345 781 Haud
359 721 436 779 secus
448 719 577 781 instrum
590 721 674 789 feno,
693 738 781 797 quam
794 718 815 777 fi
827 717 924 794 aspera
935 715 1051 775 Martis·

257 820 357 899 Pugno
370 832 460 882 voert.
501 822 565 881 Noc
578 841 637 881 non
649 820 794 881 mediisin
807 818 934 877 millibus
944 818 1000 894 ipo

258 920 397 983 Duiioreo
409 942 478 983 aum
491 924 621 993 volitant,
640 923 779 999 ostroque,
798 919 909 991 decori,

262 1026 306 1095 Et,
326 1044 416 1103 genus
430 1026 563 1093 Affaraci,
583 1024 759 1091 Mnestheus,
777 1032 808 1079 et
820 1022 903 1081 fortis
915 1020 1028 1098 Asyias,

259 1126 298 1185 Et
312 1126 463 1202 Meii'apus,
477 1129 584 1203 equuim
597 1126 730 1193 domitor,
750 1124 899 1201 Neptunia
912 1124 1014 1200 proies.

259 1228 367 1303 thue,
388 1228 454 1285 dato
468 1226 556 1303 signo,
577 1227 665 1304 spatia
677 1226 709 1285 io
722 1226 771 1284 sua
781 1226 904 1301 quisque
915 1226 1036 1294 mceffit,

259 1328 399 1405 Defigunt
412 1328 513 1387 tellure
525 1328 625 1398 hastas,
645 1338 675 1387 et
686 1328 764 1387 scuta
775 1328 924 1385 reclinant.

258 1430 346 1499 Tum,
367 1428 457 1489 studio
470 1429 575 1499 effusae,
594 1440 708 1502 matres,
727 1439 757 1495 et
771 1430 870 1506 volgus
881 1429 1038 1499 inermum,

259 1532 439 1609 invalidique
451 1532 539 1603 senes,
560 1532 645 1591 turris
658 1551 692 1589 ao
704 1532 778 1591 temo
791 1532 942 1591 domorum

259 1634 415 1695 obsedere:
437 1634 485 1693 olii
499 1636 586 1713 portis
599 1634 768 1693 sublimibus
780 1633 898 1691 adstant.

299 1738 342 1795 At
354 1738 439 1815 Juno,
458 1756 475 1795 e
488 1736 607 1803 summo,
627 1736 679 1811 qui
692 1754 770 1793 nuuc
782 1735 913 1793 Albanus
925 1733 1060 1803 habetur,

259 1836 338 1897 Tum
358 1858 451 1915 neque
470 1856 575 1897 nomen
595 1846 663 1906 erat,
687 1855 740 1895 noc
759 1836 858 1907 honos,
884 1843 934 1894 aut
952 1835 1059 1911 gloria,

337 1941 439 2012 monti,

260 2041 434 2119 Prospiciens
455 2043 576 2113 tumu10,
595 2059 731 2116 campum
746 2039 933 2115 adspembat,
949 2047 982 2096 et
994 2057 1065 2098 ama·

339 2147 397 2212 bau,

261 2245 436 2303 Laurentum
448 2247 623 2320 Troumque,
643 2244 726 2311 acies,
740 2245 896 2318 urbemque
909 2241 1017 2300 Latini.

261 2347 414 2422 Extemplo
426 2347 518 2404 Turni
531 2347 568 2404 fic
580 2347 620 2404 est
633 2347 728 2404 adfata
741 2345 872 2413 sororem,

260 2445 337 2506 Diva
350 2449 442 2515 deam,
462 2447 565 2523 stagnis
577 2465 651 2522 quae,
670 2446 893 2521 fluminibusque
905 2445 1023 2517 sonoris,

261 2549 406 2620 Praefiden
427 2549 505 2606 hunc
518 2548 562 2605 ilii
575 2567 624 2606 rex
638 2548 752 2606 aetheris
765 2549 838 2606 altus
850 2549 988 2608 honorem

261 2651 402 2732 Juppiter,
422 2651 517 2728 erepti
530 2669 581 2727 pro
593 2650 769 2726 virginitate,
789 2649 920 2708 sacravit:

261 2753 407 2833 Nympha,
420 2755 506 2812 decus
514 2753 679 2820 fluviorum,
687 2754 782 2810 animo
793 2752 947 2829 gratiffima
954 2754 1060 2825 nostro,

262 2857 330 2928 Scis,
350 2867 384 2916 ut
398 2867 426 2914 te
439 2853 548 2914 cunoiis
560 2873 658 2922 unam,
678 2873 866 2929 quaecumque
881 2854 992 2912 Latinae

262 2957 445 3036 Magnanimi
458 2957 536 3034 Jovis
549 2955 695 3032 ingratum
708 2954 877 3014 adscendere
889 2957 993 3026 cubile,

261 3061 446 3129 Praetulerim,
466 3059 589 3135 coelique
601 3057 702 3114 lubens
715 3054 746 3113 in
759 3067 840 3132 parte
852 3057 983 3117 locatim:

261 3160 348 3217 Disce
361 3172 452 3232 tuum,
473 3181 509 3218 ne
521 3179 568 3220 me
581 3157 700 3227 incuses,
719 3159 850 3234 Jutuma,
870 3159 1006 3220 dolorem.
