2509 3875
204 370 231 443 νἶ
244 360 314 423 571'.
524 354 623 413 LIB.
662 355 701 413 X.
948 358 1004 434 215

126 596 128 600 Ι
201 506 397 587 Grudrijuges
409 510 441 567 iu
455 530 551 588 equos,
566 510 740 587 adversaque
752 508 876 587 pectora,
891 506 1002 579 tendit3

70 601 77 668 ἰ
200 610 302 687 Atque.
312 611 366 681 iiii,
386 612 472 689 longe
486 614 664 691 gradientem
678 624 708 671 et
721 614 784 671 dira
796 614 970 670 frementem

201 714 246 773 Ut
259 713 365 785 videre,
385 726 467 773 metu
480 716 559 785 terti,
579 727 712 792 retroque
725 726 849 781 ruentes,

201 815 421 893 Effunduntque
434 819 547 889 ducem,
561 819 734 897 rapiuntque
747 820 783 875 ad
795 818 880 875 litora
893 834 1000 874 currus.

234 920 365 990 *Interea
386 919 490 998 bijugis
503 921 592 979 infert
605 922 635 979 se
650 922 781 997 Lucagus
793 919 866 977 albis
995 915 997 920 ’

201 1024 236 1081 in
252 1023 370 1092 modios,
390 1024 533 1099 fraterque
547 1024 648 1101 Liger,
669 1023 717 1081 sed
730 1024 819 1080 frater
825 1021 951 1081 'habenis

202 1126 304 1183 ueort
316 1144 418 1203 equos:
442 1126 568 1185 strictum
581 1134 657 1184 rotat
669 1145 734 1184 acer
747 1128 882 1201 Lucagus
894 1123 1001 1182 ensem.

200 1229 290 1288 Haud
303 1228 371 1287 tulit
384 1230 492 1287 AEneas
506 1239 586 1291 tanto
599 1230 710 1287 fervore
723 1228 860 1285 furentis:

200 1332 304 1402 Inruit,
326 1325 497 1408 adversique
510 1332 612 1409 ingens
626 1331 757 1409 adparuit
769 1331 855 1388 hastd.

201 1436 260 1493 Cui
274 1435 375 1511 Liger5

201 1538 271 1596 Non
284 1537 434 1595 Diomedis
447 1556 543 1613 equos,
565 1556 617 1595 nec
632 1556 730 1594 currus
743 1536 834 1594 cernis
848 1534 968 1603 Achilli,

201 1642 265 1698 Aut
279 1639 409 1715 Phrygiae
422 1658 551 1715 campos:
574 1658 652 1696 nunc
666 1638 734 1695 belli
749 1638 815 1695 finis
827 1646 858 1694 ct
870 1636 924 1694 arvi

200 1742 257 1801 His
270 1742 385 1801 dabitur
398 1742 488 1799 terris.
521 1740 635 1799 Vesano
648 1740 715 1797 talia
729 1741 787 1797 late

200 1844 287 1903 Dicta
300 1845 397 1902 volant
411 1844 521 1919 Ligeri:
545 1842 593 1901 sed
607 1862 665 1899 non
681 1852 710 1900 et
722 1842 827 1899 Troius
840 1842 922 1898 heros

200 1947 285 2006 Diua
301 1957 383 2025 parat
400 1957 512 2019 contra;
530 1945 660 2024 jaculum
677 1965 745 2004 narn
763 1956 877 2022 torquet
891 1945 921 2002 in
936 1945 1012 2013 hos·¹

279 2061 348 2110 tem.

200 2157 333 2231 Lucagus
346 2164 388 2221 ut,
409 2173 512 2230 pronus
525 2155 652 2230 pendens
665 2152 695 2208 iu
709 2153 835 2221 verbera,
857 2151 926 2207 teio-

199 2255 363 2317 Admonuit
376 2255 499 2334 bijugos5
521 2255 647 2332 projedio
659 2256 730 2312 dum
744 2255 816 2331 pede
829 2253 901 2312 laevo

200 2365 293 2440 Aptat
305 2361 334 2419 se
347 2379 465 2438 pugnae3
488 2359 564 2417 subit
577 2379 638 2417 oras
651 2359 727 2416 hasta
740 2378 792 2436 per
805 2359 876 2417 imas

201 2465 349 2542 Fulgentis
361 2461 456 2540 clipei,
478 2471 542 2519 tum
553 2463 658 2519 laevum
672 2462 797 2538 perforat
809 2462 918 2538 inguen
925 2490 933 2533 ;

200 2567 337 2624 Exouffus
350 2585 443 2634 curru,
464 2562 651 2622 moribundus
663 2564 787 2622 volvitur
801 2565 882 2622 arvia.

202 2669 300 2727 Quem
313 2670 376 2746 pius
389 2671 497 2728 AEneas
510 2669 592 2726 dinis
606 2668 720 2725 adfatur
733 2669 849 2725 amaris:

200 2774 326 2849 Lucage,
347 2773 425 2830 nulla
439 2781 502 2830 tuos
515 2789 614 2828 currus
627 2771 696 2847 fuga
712 2770 806 2851 segnis
819 2787 960 2845 equorum

200 2874 338 2945 Prodidit,
358 2883 408 2932 aut
421 2893 501 2931 vanae
513 2883 622 2932 vertere
636 2891 671 2929 ex
686 2873 812 2930 hostibus
826 2872 950 2927 umbrae:
974 2854 988 2891 '¹

198 2977 273 3054 Ipse,
292 2976 361 3034 rotis
375 2976 485 3045 saliens,
501 2975 571 3053 juga
589 2974 703 3032 deseris.
743 2975 815 3031 Haec
828 2973 869 3030 ita
883 2972 968 3035 fatus,
1063 2961 1066 2967 ’

200 3077 335 3156 Adripuit
351 3077 471 3156 bijugos.
511 3079 608 3136 Frater
622 3077 759 3134 tendebat
771 3077 895 3132 inermen

200 3181 306 3240 infelix
320 3182 437 3260 palmas,
457 3200 542 3239 curru
556 3178 686 3238 delabsus
699 3180 816 3236 eodem:

200 3287 252 3343 Per
266 3295 303 3356 te,
323 3303 382 3364 per,
401 3283 451 3360 qui
466 3283 596 3346 tetaiem
610 3299 744 3358 genuere,
763 3290 902 3359 parentet,
