2509 3875
239 338 348 391 eam.
541 333 640 389 uro.
680 330 734 389 rx.
981 328 1036 416 ¹⁶9.

243 486 403 555 Sublatum,
422 486 542 557 erudiit3
564 506 616 545 nec
630 495 728 544 tecum
739 484 805 543 talia
818 484 897 561 geffi,

242 587 466 665 Magnanimum
478 589 604 659 AEnean,
624 599 655 645 et
667 589 878 655 sataextrema,
897 586 1018 645 secutus.
1033 634 1036 641 .

149 676 151 684 Α
243 690 291 747 Est
303 689 360 757 hic,
380 690 421 747 est
434 689 546 747 animus
559 690 632 747 lucis
644 698 819 758 contemtor,
834 699 863 746 et
876 690 960 746 istum

244 791 307 849 Qui
319 791 380 849 vita
393 794 465 851 bene
478 793 574 849 credat
586 792 654 862 erni,
674 811 732 867 quo
749 791 852 859 tendis,
871 790 1017 848 honorem.

282 887 370 951 Nisus
383 895 420 951 ad
438 894 513 952 haec:
536 894 677 969 Equidem
690 894 726 951 de
739 902 768 951 te
781 892 823 949 nil
837 892 894 949 talc
907 894 1022 950 verebar
1027 916 1036 965 ς

243 995 308 1053 Nec
325 995 381 1066 sas,
404 1014 475 1053 non:
497 995 538 1053 ita
557 1014 603 1053 me
620 996 725 1053 reserat
744 995 797 1053 tibi
814 1013 935 1071 magnus
951 1013 1037 1075 ovau7

260 1147 262 1153 ,
284 1102 288 1110 “
305 1105 381 1153 ⁴tem

242 1197 385 1275 Juppiter‚
396 1206 446 1255 aut
453 1199 627 1275 quicumque
637 1200 726 1257 oculis
737 1199 798 1257 haec
809 1200 929 1277 adspicit
939 1200 1038 1277 aequis.

244 1301 307 1369 Sed,
327 1300 348 1357 fi
361 1300 434 1377 quis,
454 1320 518 1376 quae
531 1302 622 1359 multa
635 1301 714 1360 vides
727 1302 892 1360 discrimine
905 1303 966 1373 tali,
1005 1368 1010 1375 ⁴
1030 1350 1035 1361 .

244 1401 273 1459 Si
287 1402 393 1477 quirin
407 1402 558 1462 adversum
570 1404 672 1479 rapiat,
692 1403 814 1470 casusve,
833 1405 947 1481 deusve,
1030 1437 1036 1466 ·,

243 1504 288 1560 Te
296 1504 437 1580 superesse
450 1504 551 1576 velim,
574 1514 623 1561 tua
636 1504 695 1561 vita
708 1505 823 1580 dignior
835 1516 910 1564 aetas.
1030 1550 1033 1560 .

244 1605 296 1673 Sit,
316 1605 367 1680 qui
380 1625 426 1663 me
439 1615 552 1681 raptum
568 1605 675 1682 pugni,
695 1606 822 1681 pretiove
835 1609 1005 1679 redemtum,

244 1707 366 1765 Mandet
382 1707 471 1765 humo
489 1706 586 1777 soliti,
608 1715 669 1775 aut,
689 1707 710 1763 fi
729 1727 784 1782 qua
802 1708 833 1765 id
851 1710 974 1769 Fortuna
989 1730 1037 1769 vc·

323 1808 406 1876 tabit,
466 1813 468 1817 ’

243 1910 450 1976 Absenti‘serat
463 1909 589 1980 inferias,
609 1910 779 1985 decoretque
790 1909 928 1987 sepulcro.
1027 1941 1033 1991 '.

243 2015 311 2072 Neu
323 2015 406 2072 matri
421 2012 529 2072 miserae
543 2012 616 2070 tanti
630 2012 682 2069 fim
695 2010 785 2069 cauffa
800 2013 919 2070 doloris:
1029 2087 1033 2094 Ι

243 2119 319 2175 Quae
332 2127 360 2174 te
373 2116 439 2185 sola,
459 2136 539 2193 puer,
559 2115 657 2174 multis
669 2135 686 2172 e
698 2115 836 2173 matribus
849 2116 924 2186 ausa,

241 2219 428 2296 Persequitur,
448 2219 547 2294 magni
560 2235 612 2276 nec
626 2215 731 2275 moenia
744 2228 825 2276 curat
840 2220 958 2280 Accstae.

242 2322 296 2382 Ille
309 2332 419 2380 autem:
442 2320 555 2379 caussas
568 2320 762 2396 nequidquam
774 2321 861 2379 uestis
874 2322 977 2394 inanis,

243 2425 307 2482 Nec
321 2444 383 2482 mea
393 2423 454 2500 jam
468 2431 576 2481 mutata
590 2423 653 2480 loco
666 2422 805 2480 sententia
818 2425 904 2482 cedit.
1027 2452 1030 2455 ·

243 2527 455 2595 Adceleremus,
475 2525 527 2595 ait;
550 2524 650 2600 vigiles
663 2524 745 2582 fimul
758 2526 879 2584 excitat:
900 2528 945 2586 illi
1028 2552 1031 2558 ’

242 2629 413 2695 Succedunt,
432 2627 600 2702 servantque
613 2626 704 2684 vices:
725 2627 843 2686 statione
856 2629 963 2698 relicta,

242 2727 307 2804 ipse
319 2747 413 2786 comes
426 2728 499 2786 Niso
514 2728 652 2804 graditur,
672 2747 827 2804 regemque
839 2730 997 2803 requirunt.
1020 2799 1026 2805 ὑ

284 2830 385 2887 Cetera
398 2849 449 2906 per
462 2840 548 2888 terras
561 2829 655 2888 omnis
668 2830 802 2887 animalia
816 2829 914 2886 somno

243 2932 394 2990 Laxab'ant
407 2951 496 3002 curas,
517 2941 546 2988 et
559 2932 643 2988 corda
656 2931 745 2988 oblita
757 2931 900 2988 laborum:

244 3033 383 3096 Ductores
395 3033 541 3090 Teucrdm
551 3031 648 3108 primi,
668 3031 773 3088 delctta
783 3029 928 3106 juventur,

245 3135 402 3194 Consilium
416 3134 532 3192 summis
545 3133 626 3210 regni
640 3133 676 3189 de
689 3134 773 3189 rebus
786 3131 938 3206 habebant,

246 3239 327 3298 oud
339 3238 476 3308 facerent,
495 3235 593 3313 quisve
606 3234 711 3299 AEueae
718 3230 781 3309 jam
793 3235 909 3324 nuntius
921 3238 1009 3314 effeti
