2509 3875
261 272 372 338 v.725.
574 268 672 327 LIB.
711 268 750 326 V.

266 424 342 482 Care
354 420 446 498 magis
451 446 460 493 ;
482 429 558 490 nate,
571 422 667 481 Iliacis
678 421 804 482 exercite
816 418 896 492 satira

264 523 391 600 Imperio
403 524 482 601 Jovis
493 524 551 581 huc
563 526 660 583 venio:
681 525 734 602 qui
743 525 874 583 daffibus
885 523 985 599 iguem

264 625 398 702 Depnlit,
417 634 448 682 et
460 626 532 683 caelo
545 628 662 685 tandem
674 626 823 685 miseratur
834 628 872 684 ab
883 626 943 683 alto
954 625 1004 684 est.

136 711 140 746 '¹
264 726 398 785 confiliis
410 746 486 803 pare,
507 747 572 803 quae
584 747 662 785 nuuc
673 728 864 804 pulcherrima
878 727 991 787 Nautee

262 830 325 887 Dat
338 828 439 886 senior.
480 830 580 888 Lectos
588 828 720 906 juvenes,
741 829 889 887 fortiffima
902 828 996 895 eorda

262 930 356 989 Defer
367 930 398 987 in
408 930 537 989 Italiam:
559 950 631 1008 gens
642 933 722 1001 dura,
741 941 829 1008 atque
839 931 937 1009 aspera
948 930 1039 1001 cultu,

260 1032 442 1091 Debellanda
456 1032 511 1090 tibi
523 1034 608 1091 Latio
619 1034 668 1091 est.
708 1034 787 1091 Ditie
800 1045 896 1091 tamen
911 1042 979 1095 ante

261 1134 394 1193 Infernas
407 1136 512 1193 adcede
525 1136 633 1204 domos,
653 1145 684 1194 et
695 1137 810 1194 Averna
822 1155 874 1213 per
886 1136 945 1195 alta

257 1236 433 1312 Congreffus
444 1246 521 1313 pete,
534 1246 610 1305 nate,
623 1256 710 1295 meon.
741 1239 812 1297 Non
823 1258 872 1297 me
883 1238 964 1315 inpia
976 1256 1060 1297 nam·

342 1358 399 1413 que

259 1441 382 1498 Tartara
392 1439 509 1506 habent,
523 1440 612 1497 tristes
620 1442 744 1511 umbrae3
765 1441 814 1500 sed
824 1461 937 1503 amoena
946 1442 1061 1518 piorum

260 1541 403 1609 concilia,
423 1542 618 1618 Elysrumque‚
638 1543 712 1601 colo.
751 1544 819 1601 Huc
832 1544 905 1601 casta
922 1544 1030 1620 Sibylla

259 1644 423 1720 Nigrarum
435 1644 528 1701 multo
541 1645 686 1721 pecudum
698 1652 727 1701 te
740 1643 879 1721 sanguine
891 1646 987 1703 ducet.

257 1747 342 1805 Tum
362 1764 453 1821 genus
473 1762 559 1803 omne
579 1754 672 1814 tuum,
692 1754 723 1802 et
738 1766 803 1821 quae
821 1748 926 1805 dentur
944 1747 1062 1819 moenia,

342 1847 442 1905 disces.

257 1952 386 2030 Jamque
395 1948 471 2008 valel
485 1955 608 2025 torquet
620 1948 729 2006 medios
739 1949 809 2007 Nox
817 1949 936 2007 humida
947 1949 1059 2023 cursura

258 2054 301 2112 Et
313 2071 362 2109 me
373 2051 462 2108 saevus
475 2050 555 2126 equis
567 2050 672 2109 Oriens
685 2051 804 2109 adflavit
815 2051 935 2110 anhelis.

258 2153 398 2214 Dixerat:
421 2161 451 2210 et
464 2152 558 2210 tenuis
571 2152 657 2228 fugit,
677 2171 730 2210 ceu
742 2153 850 2224 fumus,
869 2153 901 2211 in
914 2173 1006 2215 aurae.

260 2257 381 2324 AEneas‚
403 2256 472 2312 Quo
484 2254 587 2313 deinde
600 2255 674 2312 ruis?
695 2274 753 2331 quo
765 2257 902 2333 proripis?
922 2257 1031 2334 inquit,

260 2359 362 2415 Quem
372 2357 464 2432 fugis?
486 2364 537 2414 aut
546 2355 609 2432 quis
620 2366 650 2415 te
660 2357 758 2414 nostris
767 2360 955 2435 conplexibus
964 2364 1058 2420 arcet?

260 2460 336 2518 Haec
348 2475 509 2516 memorans
522 2457 658 2529 cinerem,
677 2467 708 2515 et
720 2459 826 2536 sopitos
838 2462 954 2522 suscitat
966 2463 1058 2540 ignie5

259 2563 506 2637 Pergameumque
518 2561 631 2628 Larem,
650 2569 680 2618 et
693 2580 772 2619 cauae
787 2565 945 2639 penetralia
957 2567 1060 2635 Vestae,

260 2665 285 2722 F
285 2681 347 2722 arre
359 2663 418 2739 pio,
438 2671 468 2720 et
481 2661 566 2738 pleni
581 2661 702 2740 supplex
713 2676 864 2724 veneratur
876 2666 981 2724 acerra.

301 2765 454 2841 Extemplo
468 2763 556 2822 socios
568 2765 752 2842 primumque
766 2767 876 2824 arceffit
888 2767 1020 2837 Acesten,
1038 2743 1046 2754 .

261 2870 301 2946 Et
313 2867 392 2945 Jovis
404 2867 568 2943 imperium,
588 2877 618 2924 et
631 2867 688 2924 cari
696 2879 841 2945 ,praecepta
853 2868 987 2944 parentia,

262 2970 371 3028 Educet
376 2994 385 3040 5
407 2977 436 3026 et
450 2987 514 3044 quae
527 2987 604 3026 nunc
617 2968 715 3026 animo
729 2969 870 3027 sententia
882 2969 1000 3028 constet.

262 3073 350 3131 Haud
363 3091 442 3130 mora
455 3071 585 3140 confiliis,
605 3089 659 3128 nec
667 3069 741 3147 julla
753 3071 863 3130 recusat
875 3071 1000 3132 Acestes.

262 3173 483 3237 Tranascn‘buut
494 3172 560 3236 urbi
574 3181 687 3242 matres,
706 3172 903 3249 populumque
914 3174 1060 3236 volentem
