2509 3875
250 282 312 335 240
512 270 788 347 AENEIDOS,
944 282 1053 348 v.279.

246 430 313 491 Nec
327 428 401 491 mibi
415 448 483 491 cum
492 432 613 493 Teucris
627 432 721 491 ullum
734 433 796 511 post
807 438 888 491 eruta
900 431 1011 489 bellum

246 534 383 611 Pergama
389 558 399 607 3
420 552 473 592 nec
483 544 612 593 veterum
622 535 753 605 memini,
762 534 886 605 laetorve,
897 534 1055 595 malorum.

153 698 155 703 ,
247 636 384 705 Munere,
404 656 468 713 que
480 638 581 713 patriis
594 640 631 696 ad
643 658 691 697 me
703 639 823 715 portatis
836 640 874 697 ab
884 638 950 707 oris,

244 738 358 797 Vertite
371 740 410 797 ed
424 738 551 798 AEnean.
585 740 722 799 Stetimus
735 742 793 799 tela
805 739 900 817 aspera
913 748 1023 811 contra,

251 842 493 917 Contuiimusque
506 860 621 899 manue:
643 841 761 919 experto
773 842 890 913 credite,
907 852 1033 919 quantus

246 944 261 1001 1
268 962 287 1001 n
298 944 423 1021 clipeum
436 942 578 1020 adsurgat,
593 964 651 1019 quo
663 944 779 1002 turbine
789 954 919 1020 torqueat
930 942 1054 1003 hastam.

244 1046 280 1103 Si
293 1046 350 1103 duo
363 1056 499 1123 praeterea
513 1046 583 1105 tales
596 1047 672 1104 Idaea
685 1046 792 1104 tuliffet
870 1070 873 1075 ·

248 1148 338 1207 Terra
351 1148 435 1217 viros,
455 1148 531 1205 ultro
545 1148 676 1205 Inachias
689 1148 807 1207 veniiiet
818 1149 855 1206 ad
867 1148 944 1206 urhis

249 1249 410 1319 Dardanus,
429 1260 459 1306 et
472 1250 556 1307 versis
568 1248 682 1327 lugeret
694 1250 806 1309 Graecia
818 1251 894 1308 fatis.

247 1351 403 1426 Quidquid
417 1352 493 1427 apud
506 1352 584 1409 durae
597 1352 734 1411 ceffatum
746 1354 787 1411 est
799 1353 904 1411 moenia
916 1350 1022 1429 Trojae,

248 1453 381 1513 Hettoris
394 1454 554 1530 AEneaeque
567 1472 655 1515 manu
670 1455 788 1515 vieioria
802 1456 924 1513 Graium

247 1554 347 1626 Haefit,
367 1564 396 1613 et
409 1554 439 1613 in
453 1556 608 1614 decumum
621 1556 738 1634 vestigia
752 1557 850 1615 retulit
862 1576 984 1614 annum:

246 1660 346 1721 Ambo
359 1659 472 1730 animis,
492 1662 578 1719 ambo
594 1660 718 1737 iniigner
735 1660 932 1738 praestantibus
944 1660 1050 1734 armis;

248 1763 308 1823 Hie
321 1763 429 1841 pietate
441 1762 528 1840 prior.
568 1764 680 1821 Coeant
692 1763 723 1819 in
738 1763 844 1821 federa
858 1764 975 1831 dextrae,

248 1866 318 1925 Qut
330 1866 428 1938 datur3
451 1865 500 1933 ast,
520 1864 605 1923 armis
619 1875 791 1923 concurrant
804 1885 891 1935 anna,
910 1874 1022 1924 cavete.

288 1970 326 2028 Et
338 1967 468 2046 response
481 1968 563 2025 suuul
577 1989 642 2045 quae
656 1969 719 2038 fiet,
740 1988 791 2026 rex
804 1977 931 2046 optume,
951 1969 1031 2046 regis

246 2072 360 2132 Audisti
366 2097 375 2143 3
397 2081 436 2141 et,
456 2091 520 2147 quae
533 2071 567 2128 srt
579 2091 688 2148 magno
699 2071 840 2130 sententia
852 2073 938 2130 bello.

284 2174 346 2232 Vix
358 2193 391 2232 ea
405 2173 503 2250 legati,
523 2173 675 2250 variusque
686 2193 738 2250 per
750 2193 798 2232 ora
812 2173 939 2232 cucurrit

245 2275 428 2335 Ausonidum
441 2277 555 2333 turbata
569 2276 689 2333 fremor:
711 2295 774 2345 ceu,
787 2276 853 2334 saxa
866 2285 1015 2334 morantur

247 2379 323 2435 Cum
339 2376 450 2452 rapidos
464 2376 564 2446 amnis,
586 2377 620 2433 fit
633 2377 729 2435 clauso
747 2378 861 2456 gurgite
874 2397 1013 2447 murmur,

247 2477 417 2552 Vicinaeque
430 2478 559 2536 fremunt
574 2479 643 2555 ripae
656 2480 859 2556 crepitantibus
870 2480 964 2537 undis.

245 2582 290 2640 Ut
303 2579 429 2658 primum
442 2580 547 2654 placati
560 2581 661 2649 animi,
674 2591 703 2638 et
717 2581 826 2658 trepida
840 2602 888 2639 ora
898 2582 1049 2656 quierunt,
1065 2564 1070 2578 ’

247 2682 383 2744 Praefatus
396 2683 485 2751 divos,
504 2681 573 2739 solio
586 2701 638 2740 rex
651 2683 717 2741 infit
730 2686 767 2741 ab
779 2685 850 2742 alto:

284 2789 365 2847 Ante
377 2784 511 2862 equidem
524 2783 635 2842 summu
649 2786 685 2842 de
698 2805 729 2843 re
742 2786 874 2858 statuiffe‚
896 2787 1004 2857 Latini,

241 2891 283 2949 Et
296 2889 409 2958 vellem,
430 2896 459 2945 et
472 2886 567 2943 iuerat
579 2887 682 2944 melius
689 2916 697 2957 5
719 2906 777 2944 non
792 2898 919 2964 tempore
932 2889 984 2946 tali

244 2993 357 3067 Cogere
370 2987 533 3056 concilium,
554 3006 621 3046 cum
634 3007 732 3046 muros
744 2989 852 3046 adlidet
865 2989 960 3048 hostie.

240 3093 354 3151 Bellum
366 3092 563 3168 inportunum,
583 3090 669 3159 cives,
689 3109 757 3147 cum
774 3101 860 3167 gente
873 3093 1003 3162 deorum,

237 3193 412 3267 Invietisque
424 3193 502 3263 viris,
523 3192 617 3271 gerim
623 3213 676 3264 us3
699 3212 770 3268 quos
783 3195 862 3253 nulla
877 3196 1008 3272 fatigant·
