2509 3875
226 318 340 382 um.
419 355 424 362 .
531 311 722 369 LIB.VL

227 465 399 524 Conclamat
410 473 496 536 vasen,
517 473 635 542 totoque
648 465 768 526 absistite
779 466 860 524 luco:

227 569 334 643 Tuque
345 567 450 626 invade
461 569 549 636 viam,
567 569 730 645 vaginaque
742 568 819 645 eripe
831 568 957 637 serrum3

227 671 321 729 Nune
332 669 436 728 animis
448 689 528 748 opus,
547 671 655 739 AEnea,
674 689 752 728 nunc
764 669 876 745 petitore
889 669 982 728 firmo.

227 773 359 831 Tantum
371 772 467 842 effata,
486 773 584 830 surena
596 783 680 830 antro
692 772 721 829 se
733 771 843 830 inmisit
856 781 967 848 aperto:

227 876 285 934 llle
296 876 400 933 ducem
411 875 489 932 haud
501 874 611 932 timidis
622 875 776 932 vadentem
788 873 910 950 paffibua
922 881 1025 948 aequat.

267 977 319 1044 Di,
333 976 437 1052 quibus
448 975 604 1052 imperium
615 977 656 1034 est
667 975 837 1046 animarum,
850 977 1026 1052 Umbraeque

347 1078 469 1147 silentes,

228 1183 269 1241 Et
280 1181 384 1251 Chaos,
401 1189 432 1238 et
446 1181 632 1258 Phlegethon,
651 1179 713 1238 loca
727 1181 809 1238 noete
821 1181 945 1250 tenentia
958 1181 1025 1251 late,

229 1285 274 1342 Sit
286 1283 360 1342 mihi
371 1283 415 1342 saa
427 1283 525 1342 audita
537 1283 634 1358 loqni3
656 1285 699 1353 sit,
720 1283 840 1341 numine
852 1284 950 1355 vestro,

229 1388 357 1446 Pandere
368 1404 422 1455 ren,
441 1385 500 1443 alta
512 1386 587 1442 terra
599 1393 629 1442 et
641 1385 764 1461 caligine
778 1385 890 1444 mersas.

269 1490 356 1546 Ibant
367 1487 479 1546 obscuri
491 1487 550 1545 sold
562 1487 614 1544 sub
627 1488 709 1546 nodie
721 1507 772 1564 per
783 1491 925 1557 umbram,

229 1594 340 1666 Perque
351 1591 451 1648 domos
463 1589 540 1646 Ditis
550 1609 662 1658 vacuas,
681 1599 711 1647 et
723 1589 820 1648 inania
833 1609 933 1666 regna:

231 1692 330 1750 Quale
342 1711 393 1768 per
404 1693 544 1750 incertam
557 1694 679 1760 Lunam,
700 1691 751 1750 sub
764 1693 827 1750 luce
841 1693 976 1770 maligni,

230 1795 280 1854 Est
292 1795 391 1854 iterio
404 1794 492 1865 silvis3
513 1792 565 1850 ubi
576 1794 681 1852 eoelum
694 1792 823 1852 condidit
835 1795 938 1852 umbri

230 1897 372 1977 Juppiter,
392 1906 423 1955 et
435 1897 519 1955 rebus
531 1915 590 1954 nox
602 1895 721 1954 abstulit
733 1903 793 1953 atra
807 1896 940 1954 colorem.

270 2000 451 2059 Vestibulum
468 2008 537 2058 ante
553 1998 656 2075 ipsum,
675 1998 831 2075 primisque
846 1998 879 2055 in
896 1997 1027 2057 saucibus

348 2102 429 2173 Orci,

231 2206 347 2274 Lubtna,
366 2215 397 2263 et
409 2204 524 2263 ultrices
536 2204 654 2281 posuere
667 2203 772 2261 cubilia
787 2204 885 2275 Curae3

230 2309 428 2384 Pallentesque
440 2306 572 2365 habitant
584 2306 691 2377 Morbi,
712 2306 853 2382 tristisque
871 2308 1013 2377 Seneblua,

231 2414 271 2470 Et
283 2412 391 2480 Metus,
412 2419 443 2467 et
455 2407 616 2467 malesuada
629 2410 736 2478 Fames,
757 2428 789 2467 ac
803 2408 894 2486 turpis
904 2411 1028 2488 Egestas,
1066 2413 1071 2417 ’

230 2513 385 2572 Terribiles
397 2510 460 2569 visu
472 2511 585 2582 formae3
607 2512 777 2587 Letumque,
799 2512 961 2587 Labosque;

231 2618 309 2675 Tum
322 2613 549 2690 consanguineus
562 2612 627 2670 Leti
642 2614 737 2689 Sopor,
758 2623 787 2671 et
800 2614 875 2673 mala
888 2614 996 2671 mentis

232 2718 345 2777 Gaudia
351 2742 360 2787 3
382 2716 619 2790 mortiferumque
630 2716 745 2773 adverso
755 2717 785 2773 in
796 2716 896 2773 limine
906 2715 1028 2784 Bellum,

232 2820 386 2896 Ferreique
402 2817 597 2877 Eumenidum
618 2817 747 2887 thalami,
768 2828 797 2875 et
812 2816 960 2875 Discordia
979 2817 1029 2874 de-

309 2940 401 2989 mens,

230 3024 388 3101 Vipereum
400 3022 509 3080 crinem
521 3020 602 3079 vittis
613 3021 721 3079 innexa
733 3020 867 3079 cruentis.

270 3128 307 3183 In
318 3125 415 3183 medio
426 3143 528 3191 ramos,
548 3123 710 3198 annosaque
723 3122 846 3191 brachia,
865 3122 967 3199 pandit

232 3229 347 3300 Ulmus,
360 3246 458 3306 opaea,
471 3227 587 3303 ingens,
607 3242 696 3301 quam
708 3224 804 3283 sedem
817 3225 931 3284 Somnia
945 3226 1029 3305 volgo
