2509 3875
190 302 305 375 noys.
513 308 611 366 ern.
651 308 706 367 rx.
954 315 1010 380 ιον

190 458 273 521 Freti
288 459 402 531 armis3
423 462 557 539 ultroque
567 463 692 521 invitant
703 462 849 523 moenilsns
860 462 979 522 hostem.

104 646 109 651 ι
190 561 250 635 Jpfi
263 560 364 629 intus,
386 562 487 620 dextri
501 584 534 623 ac
546 564 630 633 laeva,
648 584 701 641 pro
714 564 838 625 turribus
850 565 968 637 adstant,

191 662 318 729 Armati
329 664 425 733 ferro,
445 674 475 721 et
488 666 577 723 cristis
589 666 684 742 capita
694 667 754 724 alta
764 666 889 724 coruscis

72 785 74 819 i
192 765 313 827 Quales
327 764 419 823 aiiriae
432 763 571 843 liquentia
583 767 703 827 flumina
715 768 834 838 circum,

190 866 260 931 Sive
276 866 355 924 Padi
370 868 448 944 ripis,
467 868 599 928 Athesim
611 869 662 926 seu
673 878 789 946 propter
801 889 956 938 amoenum,

190 968 396 1045 Consurgunt
409 970 532 1047 granium
544 988 674 1046 quercus,
693 971 860 1047 intonsaque
872 972 945 1029 coelo

190 1069 368 1130 Adtollunt
380 1070 484 1147 capita,
504 1080 534 1129 et
547 1072 663 1130 sublimi
675 1073 781 1131 vertice
794 1083 908 1132 nutant.

191 1153 392 1252 Inrumpunt,
412 1174 507 1233 aditus
519 1176 620 1233 Rutuli
633 1185 667 1234 nt
678 1175 773 1235 videre
784 1178 917 1255 patentis.

169 1308 172 1313 ·
191 1276 358 1334 Continuo
371 1278 527 1345 Quercens,
547 1286 577 1335 et
588 1278 708 1355 pulcher
720 1278 879 1355 Aquicolns
890 1280 986 1353 armis,

191 1376 233 1433 Et
245 1396 382 1455 praeoeps
396 1378 486 1435 animi
499 1380 631 1447 Tmarus,
650 1388 680 1439 et
692 1380 853 1441 Mavortius
870 1383 1005 1453 Haemon,

193 1479 386 1555 Agminibus
398 1480 465 1537 totis
478 1489 528 1538 aut
540 1481 611 1539 versr
625 1490 705 1558 terga
717 1482 830 1550 dedere,

194 1582 265 1639 Ant
282 1581 350 1659 ipso
361 1590 450 1657 portae
462 1582 579 1658 posuere
590 1582 623 1639 in
636 1582 737 1639 limine
749 1583 849 1641 vitam.

194 1683 282 1742 Tum
297 1684 391 1760 magis
402 1684 564 1742 increscunt
577 1684 681 1742 animis
693 1685 868 1743 discordibus
880 1686 945 1758 irae5
979 1723 981 1726 -

196 1787 239 1844 Et
249 1787 316 1865 jam
330 1788 450 1845 conlecti
462 1788 550 1844 Troes
563 1788 759 1863 glomerantur
770 1788 879 1856 eodem,

197 1888 241 1948 Et
256 1889 389 1950 consenc
401 1908 520 1948 manum
532 1898 562 1948 et
574 1907 738 1966 procurrere
750 1890 864 1966 longius
877 1892 992 1950 audent.

242 1993 369 2052 Dudiori
380 1994 491 2060 Turno,
510 1991 620 2050 diversi
635 1991 666 2048 in
679 2001 759 2068 parte
771 1993 887 2060 furenti,

199 2095 409 2170 'Ilirbantique
422 2095 506 2164 viros,
525 2093 668 2170 perfertur
679 2095 806 2163 nuntius,
828 2094 937 2152 hostem

198 2199 324 2257 Fervere
337 2198 415 2254 caede
426 2198 509 2265 novi,
528 2205 558 2253 et
570 2204 664 2272 portas
676 2199 802 2272 praebere
813 2198 946 2274 patentis.

201 2299 321 2358 Deserit
333 2299 477 2374 inceptum
485 2323 494 2368 3
516 2287 611 2373 atque,
632 2297 742 2355 inmani
755 2299 883 2357 concitus
896 2299 948 2371 in,
1002 2358 1004 2365 ,

201 2399 457 2474 Βετάεηὶαιηιτιιὶῐ
468 2400 505 2458 ad
523 2409 646 2476 portam,
666 2400 821 2476 fratresque
834 2401 981 2479 superbos:

204 2506 247 2563 Et
259 2503 384 2580 primurn
394 2500 583 2578 Antiphaten,
596 2501 621 2558 is
634 2501 713 2559 enim
726 2500 755 2560 se
767 2504 876 2580 primus
889 2508 1002 2583 agebat,

204 2606 346 2666 Thebani
359 2605 394 2660 de
407 2611 497 2660 matre
509 2602 633 2662 nothum
646 2603 812 2679 Sarpedonis
825 2606 886 2676 alti,

207 2704 456 2784 Conjetlotiernit
464 2703 560 2780 jaculo
564 2729 573 2774 5
595 2703 673 2760 volat
684 2704 758 2762 Itala
770 2725 872 2763 cornus

207 2810 284 2868 Aera
298 2827 348 2884 per
362 2816 500 2874 tenerum,
519 2803 719 2880 stomachoque
732 2805 822 2862 infixa
835 2806 886 2862 sub
899 2807 991 2864 altum

207 2911 306 2970 Penus
319 2908 392 2964 abit:
415 2906 507 2963 reddit
520 2905 619 2981 specus
633 2906 687 2963 atri
701 2906 822 2963 volneris
834 2907 942 2963 undam

208 3014 404 3086 Spumantem,
425 3019 455 3064 et
468 3009 526 3065 fixo
540 3009 650 3065 ferrum
662 3007 694 3065 in
705 3007 842 3083 pulmone
856 3008 984 3084 tepescit.

206 3113 284 3171 Tum
296 3111 446 3186 Meropem
458 3119 543 3186 atque
555 3113 711 3186 Erymanta
722 3128 817 3179 manu,
832 3120 894 3168 turn
907 3112 1014 3171 sternit.

226 3263 230 3272 .
287 3211 470 3288 Aphidnum
558 3301 562 3317 ι
