2509 3875
213 232 241 273 r.
254 218 321 283 307.
528 217 627 275 LIB.
665 217 706 275 X.
956 220 1014 271 205

215 368 387 445 lnpediuut3
401 372 576 450 retrahitque
585 375 688 451 pedem
698 371 781 430 fimul
791 370 868 428 unda
878 368 1015 428 relabens.

254 472 319 529 Nec
328 473 461 531 Turnum
471 474 563 552 segnis
577 477 681 533 retinet
692 495 786 545 mora;
808 473 856 530 sed
867 472 940 549 rapit
951 489 1016 528 acer

213 575 321 631 Totam
333 576 424 633 aciem
437 575 468 633 iu
479 578 615 647 Teucros,
626 588 658 634 et
670 589 768 635 contra
780 576 811 633 in
825 577 909 632 litore
923 573 1001 631 sistit.

216 676 303 753 Signa
318 687 434 736 canunt.
475 680 585 738 Primus
600 690 706 737 turmas
719 678 821 737 invasit
834 675 953 753 agrestes

214 779 334 851 AEneas,
355 798 440 837 omen
457 800 573 858 pugna,
593 782 746 858 stravitque
760 780 877 839 Latinos
883 804 891 849 ς

214 880 319 939 Occiso
332 882 474 953 Therone,
495 883 591 941 viriam
604 884 655 961 qui
668 903 820 942 maxumus
833 883 909 939 ultro

214 983 330 1041 AEnean
344 986 431 1062 petit:
454 986 522 1044 huic
535 987 631 1063 gladio
644 1006 750 1064 perque
763 1004 835 1045 aerea
848 985 866 1042 s
863 995 921 1051 ura,

145 1118 148 1123 ,
214 1088 266 1145 Per
285 1088 412 1145 tunicam
431 1088 607 1165 squalentem
625 1108 704 1158 auro,
723 1090 799 1147 latus
817 1088 914 1145 haurit
933 1106 1013 1163 aper·

292 1201 364 1249 tum.

214 1293 286 1351 Inde
300 1293 408 1351 Lichan
422 1294 498 1360 serit,
519 1294 664 1355 exseiium
674 1294 736 1371 jam
748 1304 839 1353 matre
857 1294 992 1371 peremti,

214 1396 253 1453 Et
266 1395 329 1463 tibi,
352 1396 465 1464 Phoebe,
485 1396 604 1465 sacrum,
625 1397 706 1453 casus
718 1398 836 1454 evadere
849 1397 918 1453 ferri

215 1496 306 1554 Quod
318 1496 401 1553 licuit
413 1516 509 1572 parvo.
550 1499 614 1555 Nec
627 1499 723 1573 longe,
744 1500 834 1555 Cissea
848 1500 962 1567 durum,

215 1600 423 1673 Inmanemque
436 1600 529 1675 Gyan,
550 1600 703 1656 sternentes
716 1600 831 1677 agmina
845 1600 935 1668 clavi,

215 1698 331 1775 Dejecit
343 1700 416 1756 leto:
439 1700 512 1758 nihil
526 1702 589 1758 illos
604 1702 737 1759 Herculis
750 1720 838 1770 arma,

214 1803 280 1861 Nec
293 1802 394 1859 validae
407 1800 507 1878 juvere
525 1821 636 1871 manus,
656 1804 827 1879 genitorque
839 1804 1012 1879 Melampus,

213 1905 328 1965 Alcidae
340 1923 444 1973 comes,
464 1924 554 1983 usque
568 1906 661 1982 gravis
674 1925 741 1963 cum
754 1915 828 1964 terra
840 1906 949 1964 laborer

214 2009 348 2069 Praebuit.
389 2010 477 2067 Ecce!
500 2009 600 2079 Pharo,
621 2027 704 2066 voces
721 2009 791 2066 dum
801 2006 890 2085 jaciat
905 2008 1013 2078 inertis,

214 2115 385 2189 lutorquens
394 2111 524 2190 jaculum
537 2112 689 2170 clamantis
701 2111 769 2168 fistit
781 2111 813 2168 in
826 2130 884 2169 ore.

252 2217 299 2273 Tu
315 2235 437 2292 quoque,
458 2217 613 2274 flaventem
630 2214 722 2292 primi
735 2214 873 2291 lanugine
886 2214 974 2271 malas

214 2322 294 2378 Dum
309 2319 432 2396 sequeris
445 2319 578 2396 Clytium
595 2318 708 2387 infelix,
728 2337 801 2375 nova
821 2317 935 2395 gaudia,
955 2318 1014 2395 ey-

293 2425 361 2494 don3

215 2525 360 2582 Dardanii
374 2526 473 2582 stratus
487 2523 596 2591 dextri,
618 2523 731 2581 securus
743 2543 883 2592 amorum,

216 2627 278 2682 Qui
288 2625 427 2700 juvenum
446 2625 500 2684 tibi
518 2625 627 2700 semper
644 2637 734 2694 erant,
754 2626 921 2693 miserande,
936 2625 1014 2700 jace·

294 2747 350 2798 res5

216 2827 259 2886 Ni
272 2827 393 2886 fratrum
408 2829 507 2905 stipata
520 2830 620 2887 cohors
633 2830 707 2887 foret
720 2831 815 2899 obvia,
836 2831 937 2887 Phorci

216 2929 381 3006 Progeniem
403 2925 512 3007 septem
526 2949 656 2999 numero,
678 2931 851 3008 septenaque
865 2933 921 2988 tela

216 3031 396 3108 conjiciunt:
420 3033 525 3108 partim
539 3034 631 3110 galei,
651 3034 810 3109 clipeoque,
832 3033 968 3090 resultant

215 3136 321 3206 Inrita3
344 3133 461 3192 deflexit
474 3136 580 3212 partim
594 3135 760 3211 stringentia
774 3154 876 3211 corpus
975 3206 977 3209 v
