2509 3875
235 314 289 365 182
492 310 534 367 AE
547 308 578 367 N
592 308 617 367 E
630 309 646 365 Ι
659 306 729 367 DO
742 308 770 377 S,
917 323 946 362 v.
960 310 1040 363 541.·

231 460 385 519 Procubuit
397 461 500 532 subito,
520 472 550 522 et
563 464 668 523 ooelum
681 469 762 521 tonat
774 447 860 520 omne
874 460 996 536 fragore.
1051 491 1056 497 ·

232 562 391 621 Semineces
405 564 441 621 ad
455 574 567 633 terram,
586 564 697 623 inmani
714 564 792 622 mole
803 562 909 631 secuta,

232 664 406 741 confixique
419 665 476 723 suis
488 666 560 736 telis,
580 676 610 725 et
622 668 735 744 pedtora
748 667 819 723 duro

231 766 386 825 Transsolli
400 767 490 844 ligno,
509 769 638 828 veniunt
678 768 739 827 Vix
750 786 824 825 unus
836 767 973 835 Helenor,

233 868 271 925 Et
285 869 378 944 Lycus
390 869 489 927 elabsr:
512 889 636 945 qnorum
648 869 800 947 primaevus
813 869 949 937 Helenor,

233 972 374 1045 (Moeonio
388 972 450 1049 regi
462 991 549 1048 quem
561 971 639 1031 serva
653 972 805 1051 Licymnia
823 971 926 1029 furtim

232 1073 399 1141 sustulerat,
412 1074 563 1151 vetitisque
576 1076 611 1131 ad
624 1072 743 1150 Trojam
754 1073 870 1131 miserat
882 1070 983 1145 armis)

232 1174 307 1232 Ense
320 1174 392 1231 levis
402 1176 489 1245 nudo,
510 1176 665 1251 parmdque
677 1175 816 1253 inglorius
828 1174 901 1232 alba.

232 1276 326 1351 Isque,
347 1276 398 1333 ubi
411 1275 439 1333 se
452 1276 544 1333 Turni
558 1277 653 1335 media
664 1276 741 1334 inter
753 1276 844 1334 millia
857 1276 939 1346 vidit,

231 1377 312 1437 Hinc
325 1378 407 1448 acies,
428 1388 514 1453 atque
527 1377 596 1435 hinc
608 1378 691 1448 acies,
704 1378 811 1436 adstare
825 1377 941 1435 Latinas
949 1401 958 1448 3

233 1479 277 1537 Ut
289 1478 358 1547 sera,
378 1498 452 1556 quae,
472 1480 559 1537 densi
571 1489 728 1538 venantum
740 1478 826 1557 saepta
839 1480 952 1546 corona,

233 1582 341 1638 Contra
355 1581 411 1639 tela
425 1580 505 1649 furit,
525 1581 649 1657 seseque,
669 1581 747 1639 haud
760 1581 863 1651 nescia,
883 1581 968 1641 morti

232 1681 338 1759 Injicit‚
359 1694 387 1740 et
402 1682 475 1740 saltu
487 1683 570 1760 supra
584 1684 726 1741 venabula
740 1684 844 1755 sertur3

233 1786 321 1843 Haud
334 1785 417 1843 aliter
426 1782 539 1861 juvenis
552 1786 661 1843 medios
673 1785 828 1843 moritumn
838 1785 869 1842 in
883 1784 968 1867 hostia

233 1887 327 1972 Inruit
336 1912 344 1959 3
366 1896 404 1958 et,
425 1887 482 1964 qui
497 1886 552 1948 tela
565 1888 645 1945 videt
657 1886 823 1956 denfisslma,
843 1886 946 1944 tendit.

233 1994 285 2061 At,
304 1991 424 2069 pedibus
437 1993 523 2070 longe
536 1992 647 2060 melior,
668 1992 770 2067 Lycus,
784 1989 859 2047 inter
869 2001 900 2047 et
912 1989 999 2048 hostis
1019 2059 1021 2062 Α

233 2095 313 2151 luter
325 2105 354 2152 et
367 2113 453 2161 arma,
474 2095 544 2170 sugd
557 2112 652 2151 muros
670 2101 750 2148 tenet
758 2115 767 2162 3
787 2091 903 2166 altaque
915 2100 1007 2149 certat

233 2197 372 2257 Prendere
384 2197 456 2253 teila
467 2213 563 2262 manu,
572 2193 738 2269 sociumque
747 2193 897 2269 adtingere
906 2194 1031 2253 dextras.

234 2297 333 2354 Quem
346 2297 471 2365 Turnus,
491 2297 598 2371 pariter
611 2296 696 2354 cursu
709 2297 824 2372 teloque
838 2296 960 2366 secutus,
1000 2300 1004 2308 “

234 2399 366 2474 Increpat
379 2396 424 2453 his
437 2397 539 2454 vietor:
562 2397 715 2455 Nostrasne
728 2399 855 2466 evadere,
875 2399 1002 2470 demens,

234 2497 353 2576 Sperasti
368 2508 396 2555 te
409 2499 485 2574 polle
498 2503 614 2556 manus?
637 2500 720 2556 srmul
733 2499 838 2576 adripit
850 2499 943 2576 ipsum

233 2601 418 2668 Pendentem,
439 2609 468 2656 et
480 2602 585 2675 magna
599 2600 676 2658 muri
688 2620 756 2658 cum
768 2611 848 2678 parte
862 2602 988 2660 revellit:

183 2771 189 2780 ἱ
234 2703 348 2772 Qualis,
368 2700 419 2759 ubi
433 2711 482 2759 aut
500 2689 634 2778 leporem,
655 2711 705 2760 aut
722 2703 892 2761 candentem
911 2723 1030 2782 corpore

311 2823 444 2883 cycnum,

233 2908 362 2974 Sustulit,
377 2907 434 2965 alta
447 2914 554 2982 petens,
574 2906 694 2982 pedibus
705 2908 782 2985 Jovis
794 2909 918 2985 armiger
930 2909 1026 2968 uncis:

233 3013 395 3070 Quaefirum
408 3019 459 3068 aut
471 3009 554 3066 matri
569 3009 668 3067 multis
681 3010 822 3069 balatibus
835 3031 944 3088 agnum
1044 3016 1048 3021 ’

233 3113 356 3171 Martius
369 3133 384 3170 a
399 3111 513 3170 stabulis
527 3111 621 3188 rapuit
635 3110 729 3188 lupus.
769 3112 908 3188 Undique
920 3114 1029 3174 clamor

232 3215 365 3272 Tollitur.
405 3215 558 3289 Invaduut,
578 3223 607 3272 et
621 3213 704 3272 fossas
715 3232 820 3292 aggere
832 3215 987 3292 conplent:
