2509 3875
245 342 286 393 30
509 336 788 408 AENEIDOS‚
955 348 1052 398 mo.

249 490 403 566 Conligere
413 508 490 547 arma
497 488 590 566 jubet,
600 491 760 567 validisque
769 493 934 550 incumbere
945 492 1045 564 remim

250 592 448 667 Obliquatque
461 592 536 649 finus
548 592 580 650 in
593 603 722 661 ventum,
742 612 775 650 ac
788 595 855 651 talia
868 595 958 651 fatur:

249 694 439 770 Magnanimo
451 694 557 765 AEnea5
577 714 646 764 non,
666 695 686 753 sr
700 695 771 754 mihi
784 697 918 773 Juppiter
930 695 1028 753 auetor

250 798 402 873 spondeat,
422 796 477 854 hoc
489 795 598 873 sperem
610 797 726 855 Italiam
738 798 906 874 contingere
918 798 1001 857 coslo.

250 900 360 959 Mutati
374 898 528 958 transversa
540 898 678 968 fremunt,
698 909 729 956 et
740 898 855 976 vespere
867 902 904 957 ab
916 909 978 957 atro

250 1002 435 1079 Consurgunt
448 1002 536 1070 venti,
556 1010 643 1078 atque
657 1002 691 1059 in
703 1004 810 1059 nubem
822 1002 936 1079 cogitur
948 1004 1004 1060 air.

248 1106 281 1163 N
282 1124 314 1163 ec
327 1124 377 1171 nos
390 1103 483 1161 obniti
497 1113 604 1174 contra,
625 1123 679 1161 nec
693 1104 811 1161 tendere
824 1114 947 1173 tantum,

250 1206 421 1266 Sufficimus.
448 1207 566 1283 Superat
580 1205 718 1281 quoniam
730 1207 864 1275 Fortuna,
877 1206 1042 1283 sequamur3

251 1312 376 1384 Quoque
388 1319 480 1380 vocat,
501 1318 644 1368 vertamus
657 1310 722 1368 iter.
761 1311 826 1368 Nec
837 1310 921 1369 litora
933 1311 1020 1388 longe

247 1413 316 1471 Fida
328 1431 392 1470 reor
403 1412 528 1469 fraterna
541 1412 649 1488 Erycis,
669 1421 824 1490 portusque
835 1413 964 1486 Sicanos3

248 1516 276 1573 Si
290 1515 376 1573 modo
390 1514 445 1571 rite
457 1532 566 1571 memor
577 1513 687 1572 servata
702 1517 837 1573 remetior
848 1515 927 1575 astra.

247 1620 325 1677 Tum
337 1618 402 1695 pius
414 1618 537 1675 AEneas:
560 1618 702 1693 Equidem
716 1620 755 1677 fic
767 1619 880 1696 poscere
893 1630 992 1679 ventos

246 1720 432 1799 Jamdudum,
452 1728 482 1778 et
494 1720 595 1779 frustra
608 1740 694 1779 cerno
707 1731 736 1779 te
750 1724 865 1782 tendere
876 1733 985 1782 contra.

246 1823 341 1881 Fledte
352 1822 430 1881 viam
442 1822 521 1881 velis.
561 1825 610 1882 Ao
624 1824 659 1881 fit
671 1824 746 1881 mihi
758 1826 865 1902 gratior
876 1826 945 1897 ulla,

247 1926 352 1984 Quove
365 1924 456 2002 magis
469 1924 551 1992 feffas
562 1934 661 2004 optem
673 1926 824 1986 demittere
836 1927 924 1999 navis,

247 2030 348 2088 Quam
359 2049 423 2105 quae
432 2029 612 2088 Dardanium
626 2029 710 2086 tellus
720 2029 794 2088 mihi
807 2029 901 2088 servat
910 2030 1042 2102 Acesten,

245 2131 283 2190 Et
294 2131 382 2209 patris
396 2129 530 2192 Anchisae
543 2129 653 2207 gremio
665 2132 853 2207 conpledtitur
864 2132 935 2190 offa?

245 2235 318 2292 Haec
331 2232 381 2290 ubi
395 2232 480 2300 diua,
500 2241 604 2306 petunt
616 2240 723 2308 portus,
742 2242 773 2289 et
785 2233 847 2290 vela
860 2233 978 2294 secundi

245 2335 407 2398 Intendunt
418 2333 545 2410 Zephyri
549 2358 559 2405 5
580 2335 673 2390 fertur
684 2334 741 2391 cita
755 2335 870 2412 gurgite
882 2337 993 2406 claffis3

140 2475 145 2486 .
245 2439 283 2495 Et
297 2438 413 2494 tandem
425 2434 485 2492 laeti
497 2444 573 2494 notre
586 2437 773 2494 advertuntur
784 2457 886 2496 arenae.

282 2541 334 2606 At,
354 2537 452 2614 procul
465 2536 575 2595 excelso
588 2537 708 2596 miratus
720 2540 828 2598 vertice
840 2543 957 2600 montis-

243 2641 411 2700 Adventum
424 2638 568 2714 sociasque
580 2649 663 2710 rates,
683 2641 807 2700 occurrit
820 2644 944 2715 Acestes,

243 2743 383 2802 Horridus
396 2741 425 2798 in
434 2740 536 2818 jaculis
549 2751 578 2800 et
590 2743 667 2819 pelle
679 2744 831 2821 Libystidis
843 2745 928 2803 ursae:
1033 2747 1043 2800 .’

241 2847 339 2915 Troia,
361 2842 484 2900 Crimiso
496 2854 668 2920 conceptum
681 2845 811 2916 flumine,
831 2857 924 2907 mater

243 2948 340 3004 Quem
354 2946 464 3022 genuit.
498 2946 637 3005 Veterum
651 2967 708 3005 non
721 2947 865 3008 inmemor
877 2951 928 3010 ille
939 2971 1040 3030 peren·

319 3058 382 3105 turn
701 3102 703 3105 ,

240 3151 377 3207 Gratatur
389 3151 514 3220 reduces,
535 3159 564 3207 et
577 3153 647 3228 gazi
660 3152 741 3212 laetus
755 3155 865 3230 agresti-
974 3195 980 3204 -

240 3251 364 3330 Excipit,
385 3269 418 3310 ac
430 3251 512 3310 ferros
525 3253 626 3330 opibus
639 3253 746 3317 solatur
758 3257 868 3322 amieis.
