2509 3875
182 320 292 371 v.411.
500 313 599 375 LIB.
639 310 679 371 X.
927 318 992 384 20'9'

182 469 285 543 Teque
296 465 388 544 juvat,
409 469 495 527 Palla.
536 471 591 528 Sed
604 468 687 527 bellis
699 486 763 526 acer
775 467 898 526 Halesus

181 569 292 627 Tendit
303 569 335 627 in
349 569 486 638 adversos,
506 571 592 648 seque
604 571 635 629 in
648 571 698 629 sua
710 571 834 647 conligit
846 590 936 629 arma.
999 566 1003 572 ’

183 672 243 730 Hic
255 672 361 730 mactat
374 673 501 742 Ladona,
515 674 701 750 Pheretaque,
711 673 984 750 Demodocumque3

184 774 349 850 Strymonio
362 776 492 852 dextram
506 775 634 852 fulgenti
647 776 753 852 deripit
765 776 841 845 ense,

183 877 298 935 Elatam
310 877 342 937 in
351 876 488 954 jugulum
492 904 501 951 3
524 879 592 936 saxo
605 878 674 935 ferit
686 897 734 936 ora
747 878 906 948 Thoantis,-

184 978 310 1057 Offaque
322 980 449 1056 dispersit
462 982 578 1039 cerebro
591 975 735 1055 permixta
747 990 880 1038 cruento.

184 1082 254 1139 Fata
267 1101 372 1139 canens
384 1082 459 1139 salvis
472 1082 586 1158 genitor
598 1083 706 1140 celarat
719 1082 872 1155 Halesum3

184 1184 228 1243 Ut
240 1183 334 1241 senior
345 1185 405 1242 leto
418 1185 552 1243 canentia
565 1185 677 1243 lumina
689 1185 783 1254 solvit,

183 1284 311 1363 Injecere
324 1306 443 1345 manum
457 1290 559 1357 Parcae,
580 1288 702 1364 telisque
717 1287 862 1345 sacrarunt

183 1390 319 1447 Evandri.
360 1391 458 1449 Quem
472 1390 510 1447 src
524 1390 613 1448 Pallas
626 1390 702 1467 petit
714 1399 781 1447 ante
798 1399 944 1467 precatus:

184 1491 232 1548 Da
244 1510 331 1559 nunc,
344 1492 456 1569 Thybri
474 1502 565 1569 pater,
585 1493 672 1561 ferro,
692 1493 769 1567 quod
787 1492 889 1551 miffile
901 1493 986 1566 libro,

184 1594 351 1664 Fortunam,
371 1604 458 1671 atque
473 1595 550 1653 viam
562 1594 626 1653 duri
639 1614 691 1671 per
701 1594 801 1671 pestus
812 1596 919 1653 Halesi.

186 1696 260 1753 Haec
275 1714 362 1767 arma,
382 1696 555 1775 exuviasque
567 1698 633 1767 viri,
650 1707 699 1755 tua
710 1716 830 1773 quercus
843 1698 972 1757 habebit.

184 1799 291 1859 Audiit
303 1800 354 1857 illa
367 1802 450 1859 deus:
473 1802 543 1861 dum
556 1802 632 1859 texit
645 1803 763 1859 Imaona
776 1801 907 1870 Halesus,

183 1902 310 1963 Arcadio
324 1904 426 1964 infelix
441 1905 500 1963 telo
513 1906 561 1963 dat
574 1904 673 1982 petitus
686 1903 839 1962 inermum.

222 2010 265 2065 At
278 2027 337 2066 non
351 2009 428 2066 caede
442 2008 497 2066 viri
511 2009 591 2066 tanti
603 2007 753 2083 perterrita
767 2005 884 2074 Lausus,

183 2112 249 2169 Pars
261 2111 363 2188 ingens
377 2111 456 2179 belli,
476 2110 543 2168 finit
563 2110 693 2187 agmina:
715 2108 824 2186 primus
837 2111 987 2188 Abantem

182 2215 356 2292 Opposrtum
368 2213 522 2281 interimit,
541 2231 647 2290 pugnae
666 2213 841 2287 nodumque,
862 2231 987 2272 moram·

260 2337 326 2393 que.

182 2420 326 2478 Sternitur
339 2418 472 2477 Arcadiae
485 2417 578 2495 proles
582 2442 591 2487 3
614 2417 778 2476 sternuntur
791 2417 903 2476 Etrusci
909 2443 919 2489 ς

182 2522 221 2580 Et
235 2541 292 2590 vos,
312 2523 344 2578 ol
366 2521 460 2580 Graiis
473 2520 616 2598 inperdita
630 2541 747 2598 corpora
760 2521 876 2580 Teucri.

182 2623 313 2698 Agmina
324 2633 506 2695 concurrunt,
520 2623 700 2700 ducibusque
712 2636 742 2681 et
754 2625 863 2682 viribus
878 2624 984 2698 aequis:

183 2725 314 2783 Extremi
328 2727 484 2784 addensent
497 2726 571 2784 acies
579 2751 587 2797 3
609 2745 663 2784 nec
676 2729 759 2786 turba
773 2727 882 2784 moveri

85 2847 86 2854 ¹
182 2827 525 2903 Tela,manusque,s1nit.
541 2828 983 2902 HincPallasinstat,eturguet;

183 2929 263 2988 Hinc
277 2940 375 2988 contra
389 2931 512 2988 Lausus:
535 2950 589 2988 nec
607 2932 734 2988 multum
747 2931 888 3006 discrepat
900 2935 984 2999 aetadJ

85 3029 87 3088 ἶ
183 3032 302 3110 Egregii
316 3033 431 3106 sormae5
453 3034 501 3092 sed
514 3037 577 3110 quis
591 3034 706 3091 fortuna
720 3041 839 3108 negarat

182 3139 217 3195 ln
231 3137 355 3214 patriam
369 3137 487 3196 reditus.
524 3137 606 3216 ¹Ipsos
619 3154 787 3195 concurrere
799 3134 900 3211 pallus·

182 3241 270 3300 Haud
284 3253 381 3300 tamen
394 3241 472 3300 inter
484 3241 513 3299 se
526 3239 625 3317 magni
637 3250 771 3316 regnator
784 3238 920 3342 Olympi:

222 3361 296 3403 vor..
312 3364 350 3405 rr.
588 3361 604 3400 r
