2509 3875
100 394 102 461 l

101 340 102 343 ‘
206 349 327 414 .v..197.
520 344 632 401 mn.
670 345 710 403 v.
980 349 1018 414 ³7

100 514 103 567 ᾗ
209 498 253 555 Et
266 496 417 573 prohibete
430 500 519 557 nefas.
560 500 622 557 Olli
634 499 791 558 certamine
804 499 916 559 summo

100 578 115 663 ἱ,

211 602 425 659 Procumbunt:
447 602 530 659 vastis
544 603 643 661 tremit
655 603 758 660 iclibus
770 622 842 660 aerea
855 602 966 680 puppis,

100 752 102 787 Γ
212 702 455 780 subtrahiturque
465 703 571 775 solum,
588 716 653 763 turn
665 708 764 762 creber
776 704 919 762 anhelitus
931 714 1019 775 artus,

100 814 101 875 ἦ
211 806 365 882 Aridaque
377 827 435 875 ora,
449 808 545 883 quatit
550 833 559 879 3
582 808 667 865 sudor
680 807 746 864 fluit
759 806 888 882 undique
900 805 978 866 rivis.
1058 807 1060 810 ’

252 908 372 967 Adtulit
384 908 445 985 ipse
457 909 527 967 viris
539 920 670 986 optatum
684 908 764 967 casus
776 909 927 966 honorem.

207 1011 361 1087 Namque,
380 1012 479 1069 furens
492 1012 592 1081 animi,
612 1014 682 1069 dum
695 1031 810 1089 proram
823 1013 859 1071 ad
872 1011 938 1086 saxa
951 1011 1017 1071 suh⁴

294 1124 401 1190 urguet

208 1215 344 1286 Interior,
365 1215 514 1293 spatioque
527 1217 604 1275 subit
617 1218 759 1295 Sergestus
772 1218 874 1294 iniquo
878 1243 889 1290 3

208 1319 320 1377 Infelix
335 1319 408 1377 saxis
421 1319 453 1377 in
465 1321 698 1396 procurrentibus
712 1320 801 1379 haefit.

209 1421 362 1481 Concuffae
374 1432 480 1489 cautes,
500 1432 530 1479 et
543 1432 627 1480 acuto
640 1423 670 1479 in
684 1422 794 1481 murice
806 1413 888 1481 remi

208 1524 324 1583 Obnixi
337 1543 480 1601 crepuere,
501 1524 641 1601 inlisaque
653 1544 735 1602 prora
749 1526 909 1602 pependit.-

208 1627 397 1704 Consurgnnt
411 1638 515 1695 nautae,
536 1638 564 1685 et
579 1645 686 1703 magno
699 1628 823 1685 clamore
836 1635 999 1700 morantur,

193 1732 395 1807 ‚Ferratasque
407 1731 505 1787 trudes
518 1740 547 1787 et
559 1732 645 1788 acuti
657 1730 774 1808 cuspide
785 1740 886 1789 contos

206 1832 386 1909 Expedinnt,
407 1832 567 1909 fraelosque
579 1832 683 1909 legunt
696 1833 727 1889 in
742 1834 858 1909 gurgite
870 1852 972 1893 remos.

204 1939 250 1996 At
263 1937 347 1994 laetus
360 1934 536 2006 Mnestheus,
558 1934 740 2010 successuque
753 1934 844 1993 acrior
857 1935 928 2012 ipso,

205 2039 338 2116 Agmine
351 2059 496 2096 remorum
510 2037 603 2106 celeri,
623 2039 773 2114 ventisque
786 2038 902 2127 vocatis,

204 2144 297 2200 Prona
311 2141 384 2217 petit
398 2140 497 2209 maria,
518 2150 547 2198 et
561 2140 663 2216 pelago
677 2140 924 2218 decurritaperto.
1029 2201 1036 2209 ,

205 2246 312 2306 Qualis
325 2244 459 2323 spelunci
472 2244 566 2302 subito
579 2255 712 2302 conmota
726 2245 869 2315 columba,

204 2349 265 2412 cui
278 2351 379 2406 domus
392 2358 422 2405 et
435 2348 532 2405 dulces
546 2347 687 2406 latebroso
700 2348 731 2404 in
743 2349 860 2424 pumice
873 2348 944 2419 nidi,

101 2451 107 2464 '
201 2453 306 2511 Fertur
315 2451 344 2508 in
356 2469 422 2509 arva
433 2451 539 2518 volans,
553 2449 744 2526 plausumque
757 2452 893 2513 exterrita
907 2453 1010 2528 pennis

200 2555 265 2612 Dat
279 2554 354 2612 totto
367 2553 517 2630 ingentem
522 2577 531 2623 ;
553 2572 633 2621 mox,
653 2554 718 2611 aire
731 2553 813 2612 labsa.
822 2556 930 2631 quieto,

200 2656 295 2716 Radit
308 2655 364 2713 iter
376 2656 529 2731 liquidnm,
549 2655 649 2712 celeris
662 2674 755 2731 neque
767 2666 919 2714 conmovet
931 2656 1003 2713 alas:

199 2759 251 2824 sic,
263 2759 439 2826 Mnestheus,
460 2758 498 2814 tic
510 2756 571 2833 ipsa
584 2757 655 2835 fugi
669 2757 743 2815 secat
756 2759 859 2816 ultima
874 2757 967 2814 Pristis

198 2865 339 2938 Aequora
345 2886 355 2936 3
376 2860 507 2919 siciliam
521 2860 578 2916 fert
591 2859 705 2936 inpetus
717 2859 778 2936 ipse
790 2859 945 2916 volantem.

196 2968 240 3026 Et
253 2965 384 3042 primum
396 2963 426 3020 in
441 2961 557 3038 scopulo
570 2961 728 3018 ludentem
739 2960 844 3018 deserit
857 2959 916 3016 alto

197 3067 372 3143 Sergestum,
383 3065 572 3140 brevibusque
579 3063 658 3122 vadia
664 3089 673 3134 3
689 3063 845 3137 frustraque
853 3070 1004 3123 vocantem

196 3169 332 3238 Auxilia,
352 3179 382 3226 et
394 3146 491 3227 stadiis
504 3166 661 3224 discentem
672 3181 785 3221 currere
797 3164 893 3221 remis.

197 3275 276 3336 Inde
289 3275 384 3351 Gyan,
403 3271 551 3349 ipsamque
564 3266 678 3344 ingenti
690 3265 766 3322 mole
780 3263 963 3340 Chimaeram,

1138 3256 1157 3298 A
