2509 3875
162 3043 164 3049 Α
279 2973 419 3040 Demens!
442 2989 495 3029 nec
509 2971 657 3047 Zephyros
669 2970 751 3029 audio
763 2970 868 3048 spirare
880 2973 1034 3032 secundos?
1149 2964 1151 3021 4

291 364 331 417 ²²
549 366 827 436 AENEIDOS,
984 354 1106 435 may.

290 516 353 573 Aut
367 520 439 579 bene
455 524 531 601 apud
543 543 684 583 memores
696 521 800 591 veteris
813 521 865 578 stat
878 518 970 597 gratia
982 517 1075 575 faffl?

291 620 367 679 Quis
377 642 424 680 me
435 635 543 697 autem,
557 629 604 685 fac
613 627 698 695 velle,
710 626 780 683 fluet
786 649 795 694 ;
810 625 953 681 ratibusve
963 620 1102 697 superbie

250 704 253 711 Ἴ
290 722 416 788 Invisum
428 728 572 805 adcipiet?
594 728 685 787 nescis
697 727 771 785 heu!
792 724 913 803 perdita,¹
933 722 1077 781 necdum

289 824 511 887 Laomedonteae
524 830 611 888 sentis
624 827 748 906 perjuria
759 826 871 903 gentio?

289 927 371 985 Ouid
386 934 465 988 turn?
486 932 544 991 sola
558 932 628 1009 fuga
643 941 744 988 nautas
757 929 916 987 comitabor
927 925 1058 985 ovantis?

287 1032 348 1098 An,
360 1031 457 1107 Tyriis
470 1034 607 1109 omnique
620 1051 710 1091 manu
722 1030 823 1108 stipata
836 1046 977 1095 meorum,

287 1132 416 1190 Inferar?
438 1142 477 1202 et,
497 1152 568 1211 quos
582 1134 700 1193 Sidonia
711 1133 762 1191 vix
773 1135 844 1191 urbe
856 1132 966 1201 revelli,

287 1232 394 1291 Rursus
407 1254 493 1311 agam
510 1236 622 1313 pelago,
642 1245 672 1295 et
684 1236 778 1293 ventis
790 1236 857 1292 dare
869 1230 933 1291 vela
941 1232 1069 1309 jubebo?

288 1334 371 1392 Quin
386 1354 505 1407 morere,
523 1348 557 1395 ut
570 1338 673 1396 merita
685 1357 730 1408 es3
752 1338 886 1411 ferroque
898 1344 994 1393 averte
1007 1336 1091 1393 dolo·

365 1456 435 1495 rem.

285 1538 343 1607 Tu,
363 1520 489 1597 lacrimis
502 1540 593 1599 eviota
606 1541 687 1609 meis,
708 1549 741 1598 tu
753 1540 845 1617 prima
859 1539 1004 1597 furentem

285 1638 350 1709 His,
370 1660 516 1719 germana,
534 1642 618 1699 malis
631 1662 740 1712 oneras,
760 1651 848 1718 atque
860 1640 960 1717 objicis
972 1641 1056 1700 hosti.

284 1743 356 1799 Non
368 1742 461 1811 licuit,
475 1744 594 1803 thalami
608 1755 765 1821 expertem,
779 1744 838 1802 fine
848 1743 980 1809 crimine,
993 1744 1086 1803 vitam

285 1845 407 1922 Degere,
427 1864 506 1904 more
519 1846 604 1918 ferae;
626 1846 691 1905 talis
704 1866 758 1904 nec
772 1855 889 1922 tangere
901 1865 982 1903 curas
990 1847 1008 1924 ¹.

283 1949 353 2006 Non
367 1949 474 2008 servata
487 1950 566 2018 fides,
586 1950 677 2008 cineri
689 1949 822 2026 promiffa
836 1950 968 2026 Sychaeo!

321 2051 430 2110 Tantos
442 2051 493 2110 illa
507 2051 556 2109 suo
570 2054 720 2130 rumpebat
733 2052 846 2128 poaure
858 2051 980 2126 questus.

283 2156 401 2224 AEneaa‚
422 2154 496 2212 celffl
508 2153 539 2211 in
553 2155 653 2232 puppi,
668 2153 731 2231 jam
743 2163 837 2214 oertus
848 2155 945 2225 eundi,

282 2257 424 2330 Carpebat
438 2255 559 2322 somnos,
578 2258 662 2314 rebus
670 2255 733 2332 jam
746 2257 800 2314 rite
812 2257 929 2333 paratis.

282 2355 361 2416 Huic
375 2356 403 2414 se
416 2356 507 2414 forma
520 2357 577 2426 dei,
598 2357 677 2416 voltu
690 2358 835 2416 redeuntis
847 2360 958 2427 eodem,

282 2457 399 2515 Obtulit
412 2457 443 2515 in
456 2457 570 2528 somnis,
590 2459 743 2536 rursusque
756 2462 796 2518 ita
808 2460 869 2518 visa
882 2479 999 2520 monere
1007 2463 1067 2534 est5

280 2559 389 2618 Omnia
407 2561 553 2619 Mercurio
572 2562 679 2633 familis,
698 2581 867 2638 vocemque,
886 2563 1080 2641 coloremque,

282 2665 318 2721 Et
332 2663 417 2720 crinis
430 2663 527 2734 flavos,
547 2673 576 2721 et
589 2667 716 2722 membra
730 2666 832 2723 deeora
841 2664 977 2742 juventi:

281 2767 359 2824 Nate
371 2767 433 2835 dea,
453 2776 533 2842 potes
546 2766 601 2824 hoc
614 2765 668 2824 sub
681 2766 747 2824 casu
759 2768 864 2825 ducere
876 2768 1007 2826 somnos?

279 2869 352 2938 Nec,
369 2887 436 2945 quae
450 2878 478 2926 te
491 2868 600 2926 circum
612 2869 687 2926 stent
699 2870 803 2928 deiude
814 2870 951 2945 pericula,
969 2872 1077 2932 cernis?

279 3075 331 3132 Illa
345 3074 433 3143 dolos,
452 3073 606 3149 dirumque
619 3073 709 3144 nefas,
729 3074 761 3131 in
774 3075 888 3150 peaore
901 3076 1002 3146 versat,
1149 3026 1150 3085 ¹

277 3177 363 3234 Certa
377 3175 459 3245 mori,
479 3175 614 3250 varioque
627 3175 736 3234 irarum
746 3176 869 3234 flu&uat
880 3178 965 3236 aestu:

277 3277 308 3334 N
310 3295 359 3348 um
369 3276 445 3353 fugis
455 3277 523 3335 hinc
534 3293 668 3353 praeceps,
675 3278 745 3336 dum
753 3279 1073 3358 preacipitarepotestae?

1139 3479 1144 3697 f
