2509 3875
711 149 780 159 -

284 262 340 328 ud
543 251 821 326 AENEIDQS‚
973 257 1087 320 v.378.

283 415 463 482 incassumve
476 422 540 472 tuos
551 413 633 472 volui
645 431 776 471 exercere
788 411 910 468 labores:

286 519 429 578 Quamvis
441 530 471 577 et
485 518 590 576 Priami
602 519 736 574 deberem
748 514 872 592 plurima
886 512 970 580 natis,

285 625 324 682 Et
337 623 441 680 durum
453 623 557 680 AEneae
570 620 708 678 fleviffem
719 619 792 696 saepe
805 619 941 676 laborem.

286 727 376 785 Nunc
389 725 468 804 Jovis
481 723 608 802 imperiis
621 723 794 788 Rutulorum
808 719 935 780 constitit
947 718 1015 777 oris:

289 829 365 907 Ergo
375 829 476 888 eadem
486 828 605 905 supplex
615 828 709 896 venio,
719 835 749 885 et
756 826 885 886 sanctum
895 823 968 884 mihi
979 837 1100 882 numem

289 937 381 992 Arma
394 951 473 1008 rogo,
493 931 625 1008 genetrix
639 939 717 988 nato.
757 931 801 988 Te
814 929 874 988 filia
887 927 986 996 Nerei,

288 1038 333 1096 Te
345 1035 441 1114 potuit
453 1034 579 1093 lacrimis
590 1034 729 1092 Tithonia
743 1033 857 1092 flectere
869 1029 1002 1110 conjunx.

289 1140 425 1216 Adspice,
446 1138 496 1216 qui
510 1140 612 1196 coeant
623 1137 733 1214 populi,
753 1157 817 1214 quae
831 1135 936 1195 moenia
950 1134 1049 1194 clnufis

290 1245 409 1302 Ferrum
419 1252 525 1300 acuant
533 1242 631 1318 portis,
641 1242 671 1299 in
683 1260 730 1299 me
737 1239 940 1316 excidiumque
951 1255 1098 1298 meorum..

246 1373 250 1383 ·
293 1346 416 1415 Dixerat
423 1370 432 1416 3
452 1356 482 1403 et
495 1344 586 1402 niveis
599 1344 669 1404 hinc
681 1354 767 1420 atque
780 1343 849 1401 hinc
862 1343 927 1401 diva
942 1341 1052 1400 lacertis

294 1449 488 1510 Cunctantem
501 1447 635 1524 amplexu
649 1447 729 1505 molli
742 1447 836 1506 fovet:
858 1446 908 1504 ille
920 1455 1036 1522 repente

295 1551 421 1629 Adcepit
433 1551 547 1609 solitam
560 1551 721 1619 flammam3
743 1558 884 1626 notusque
897 1549 1040 1610 medullas.

294 1654 417 1714 Intravit
433 1654 519 1722 calor,
539 1663 569 1710 et
582 1652 720 1710 labefacta
735 1671 785 1728 per
798 1651 854 1709 offa
867 1651 1013 1712 cucurrit:-

296 1761 364 1818 Non
379 1759 457 1830 secus
470 1768 556 1833 atque
570 1758 649 1826 olim,
664 1756 773 1814 tonitru
784 1775 873 1831 quum
886 1765 969 1832 rupta
980 1753 1097 1812 corusco

296 1863 386 1941 Ignea
400 1860 472 1918 rima
486 1859 595 1917 micans
607 1857 747 1935 percurrit
759 1857 869 1916 lumine
882 1857 1004 1916 nimbos.

297 1967 397 2034 Sensit,
417 1966 483 2023 laeta
497 1964 572 2022 dolis
585 1974 615 2021 et
628 1964 729 2020 formae
744 1962 864 2031 conscia,
884 1960 1018 2038 conjunx.

296 2072 377 2130 Tum
389 2079 470 2147 pater
482 2078 590 2125 aeterno
603 2067 682 2124 fatur
694 2065 842 2123 devincius
856 2084 965 2123 amore:

299 2174 382 2231 Quid
395 2172 500 2229 cauffas
511 2170 586 2247 petis
599 2188 636 2226 ex
649 2169 722 2226 aito?
744 2168 849 2227 fiducia
865 2168 944 2227 ceffit

300 2276 369 2359 Quo
383 2274 447 2344 tibi,
467 2274 543 2341 diva,
564 2272 637 2330 mei?
660 2272 758 2329 similis
771 2272 791 2328 fi
805 2290 872 2329 cura
886 2270 996 2329 fuiffet:

298 2371 377 2435 Tum
391 2396 505 2453 quoque
518 2377 560 2433 fus
574 2376 657 2433 nobis
666 2377 791 2433 Teucros
804 2395 914 2434 armare
927 2376 1036 2446 fuiffet3

301 2481 367 2539 Nec
380 2482 461 2537 Pater
478 2479 659 2556 omnipotens
672 2477 798 2555 Trojam,
819 2498 872 2536 nec
886 2481 952 2537 Fata
966 2481 1106 2539 vetabant
1182 2514 1183 2517 ¹

303 2586 391 2651 Stare,
400 2583 556 2657 decemque
566 2582 636 2640 alios
645 2581 788 2641 Priamum
797 2582 933 2660 superefl'c
943 2597 1104 2659 perannos'.

303 2691 340 2748 Et
353 2706 440 2756 nunc,
455 2686 475 2743 fi
489 2686 593 2742 bellare
606 2704 697 2762 paras,
712 2696 798 2761 atque
811 2686 873 2745 haec
887 2686 941 2744 tibi
954 2706 1034 2744 mens
1047 2688 1103 2761 est;
1176 2652 1183 2715 i

304 2790 457 2867 Quidquid
470 2788 501 2847 in
515 2799 575 2849 arte
587 2792 652 2847 med
665 2788 775 2865 possum
788 2790 956 2865 promittere
968 2809 1053 2858 curae,

304 2896 393 2954 Quod
407 2893 469 2983 fieri
483 2894 567 2959 ferro,
587 2892 732 2967 liquidove
745 2892 836 2969 potest
849 2894 963 2962 eledtro,

305 3002 458 3058 Quantum
478 2996 570 3073 ignes,
590 2995 761 3074 animaeque,
781 2996 894 3055 valent:
922 2996 1018 3055 absiste
1039 3012 1106 3074 pre]-

381 3101 473 3160 cando

304 3205 422 3263 Viribus
433 3204 599 3263 indubitare
612 3205 678 3263 tuis.
716 3205 759 3263 Ea
773 3204 860 3265 verba
876 3204 988 3261 locutus
