2509 3875
180 332 208 374 v.
222 321 288 373 830.
474 314 572 375 LIB.
611 314 665 372 XI.
908 308 974 368 261·

177 470 225 538 Et,
245 478 360 547 captum
374 471 442 542 leto,
463 471 556 548 posuit
569 478 665 547 eaput,
686 485 764 525 arma
779 464 956 541 relinquens3

177 574 304 649 Vitaque
316 594 383 632 cum
396 575 505 651 gemitu
519 575 596 650 sugit
609 572 759 649 indignata
773 570 825 627 sub
838 570 973 626 umbras.>

216 676 294 733 Tum
306 694 382 747 vero,
396 676 540 734 inmensus
553 676 679 751 surgens,
692 673 761 731 ferit
772 690 855 729 aurea
869 670 977 727 clamor

178 778 287 849 Sidera,
309 776 418 855 dejedld
430 778 572 835 crudescit
583 796 681 854 pugna
696 774 819 832 Camilla
826 798 835 843 3

177 880 333 937 Incurrunt
344 880 422 937 densi
435 880 517 937 simul
531 880 623 936 omnis
636 878 717 953 eopia
729 875 886 941 Teucrum,

177 982 378 1059 Tyrrhenique
392 984 487 1051 duces,
506 981 688 1057 Evandrique
702 980 828 1037 Arcades
841 978 903 1035 alae.

216 1085 268 1151 At,
280 1084 386 1143 Triviae
396 1085 495 1155 custos,
504 1083 687 1160 jamdudum
699 1082 730 1139 in
743 1081 889 1140 montibus
899 1078 973 1156 Opis

177 1185 247 1243 Alta
261 1185 339 1243 sedet
351 1185 478 1256 summis,
498 1186 661 1263 spedlatque
672 1183 803 1242 interrita
815 1201 938 1259 pugnas.

177 1287 278 1364 thue
296 1288 404 1364 procul,
423 1289 518 1345 medio
534 1287 676 1364 juvenum
690 1285 721 1342 in
733 1285 858 1343 elamore
877 1284 975 1341 suren·

256 1398 326 1460 tem,

178 1490 332 1568 Prosperit,
354 1491 426 1549 tristi
438 1492 589 1549 multatam
602 1499 703 1560 morte,
724 1489 877 1547 Camillam
883 1512 892 1559 3

178 1593 390 1670 Ingemuitque,
410 1593 545 1669 deditque
557 1593 607 1650 has
620 1593 680 1649 imo
692 1592 805 1668 pedore
817 1609 915 1648 voces:

178 1696 247 1753 Heu
261 1695 393 1767 nimium,
407 1695 501 1771 virgol
524 1694 648 1752 nimium
661 1692 775 1765 crudele
788 1686 867 1749 luisti

180 1796 366 1874 Supplicium,
385 1798 510 1854 Teucros
522 1806 623 1854 conata
636 1794 767 1853 lacessere
780 1794 872 1851 bellos

178 1900 243 1959 Nec
256 1899 310 1958 tibi
324 1900 438 1959 deserte
451 1899 482 1958 in
494 1898 588 1957 dumis
603 1898 717 1957 coluisse
730 1897 856 1956 Dianam

177 2003 298 2071 Profuit,
318 2013 369 2060 aut
382 2003 486 2060 nostras
499 2002 617 2060 humero
630 2001 744 2078 gestasse
756 2001 911 2077 pharetras,
956 2045 963 2056 .

178 2105 249 2162 Non
262 2086 359 2162 taimen
375 2104 537 2161 indecorem
551 2113 600 2160 tua
614 2113 644 2160 te
656 2103 755 2180 regina
768 2102 892 2177 reliquit
919 2090 922 2093 ¹

178 2207 314 2266 Extrema
328 2205 390 2283 jam
408 2205 440 2263 in
459 2214 564 2266 morte:
593 2223 686 2283 neque
705 2204 760 2262 hoc
779 2205 837 2262 fine
857 2201 973 2261 nomine

256 2309 348 2367 letum

179 2413 233 2469 Per
245 2420 344 2489 gentes
356 2410 425 2483 erit,
447 2419 497 2468 aut
511 2411 619 2469 famam
632 2410 746 2487 patieris
759 2410 869 2468 inultae.

178 2513 267 2582 Nam,
285 2513 458 2588 quicumque
471 2523 554 2571 tuum
566 2513 682 2580 violarit
696 2514 811 2574 vnlnere
823 2529 934 2589 corpur,
961 2555 964 2559 J

179 2615 277 2672 Morte
289 2614 350 2672 luet
362 2614 475 2696 merita.
515 2614 580 2671 Fuit
592 2614 694 2692 iugens
706 2625 804 2672 monte
817 2614 870 2671 sub
883 2613 942 2671 alto

179 2715 266 2792 Regis
279 2716 423 2773 Dercenni
436 2725 548 2773 terreno
560 2735 597 2774 ex
610 2735 715 2793 aggere
727 2717 841 2773 bustum

178 2816 305 2893 Antiqui
318 2817 477 2887 Laurentis,
499 2819 642 2894 opacsque
657 2817 721 2874 ilice
734 2818 857 2885 testum

179 2918 239 2978 Hic
252 2919 304 2976 dea
318 2917 335 2976 s
332 2936 347 2975 e
361 2918 483 3000 primum
498 2919 597 2995 rapido
609 2917 802 2995 pulcherrima
815 2917 880 2974 nisu

180 3020 266 3089 Sistit,
286 3030 315 3078 et
327 3022 484 3078 Arruntem
500 3020 610 3078 tumulo
624 3019 785 3096 speculatur
796 3021 833 3076 ab
846 3019 915 3076 alto.

179 3122 309 3182 Utvidit
321 3123 466 3180 laetantem
479 3121 591 3192 animis,
606 3140 640 3179 ac
652 3137 725 3178 vana
738 3129 897 3178 tumentem
902 3145 911 3191 ς

180 3224 250 3296 Cur,
269 3223 375 3300 inquit,
395 3223 520 3282 diversus
533 3222 609 3282 abis?
630 3222 689 3282 huc
701 3220 793 3299 dirige
807 3221 942 3300 gressum,
967 3263 972 3270 ·
