2509 3875
257 286 313 349 toa
506 282 782 355 AENEIDOS,
957 279 1053 341 cto.

255 438 403 518 Adgnovit
412 437 535 517 juvenis,
554 438 733 517 duplicisque
745 440 782 498 ad
794 439 883 497 fidera
894 438 1003 515 palmas

256 542 386 613 Sustulit,
405 550 435 599 et
448 541 500 599 tali
512 542 675 618 fugientem
687 542 728 600 eli
739 560 809 599 voce
821 540 947 599 secutum

257 646 307 715 Iri,
327 646 412 703 decus
424 644 499 715 coeli,
519 644 583 721 quis
597 652 625 702 te
638 644 720 713 mihi,
739 645 865 703 nubibus
876 644 978 713 adam,

257 748 372 807 Detulit
384 747 415 805 in
430 748 533 805 terras?
554 746 631 803 unde
644 746 705 803 luec
719 755 780 804 tam
790 746 866 803 clara
878 753 996 821 repente

256 848 436 927 Tempestas?
457 846 585 906 medium
596 848 680 905 video
692 847 834 905 discedere
845 847 960 914 ooelum,

258 951 438 1026 Palantisque
451 949 517 1025 polo
530 949 629 1007 stellas.
669 950 776 1025 Sequor
787 948 884 1007 omina
896 956 987 1016 tanta,

159 1120 162 1125 ¹
259 1052 398 1128 Quisquis
408 1051 439 1109 in
451 1068 530 1109 arma
541 1069 633 1108 vocas.
664 1051 711 1121 Et,
725 1050 763 1109 sc
773 1049 884 1120 effatus,
897 1050 934 1107 ad
944 1046 1055 1105 undam
1179 1085 1180 1088 =

259 1154 401 1223 Proceffit,
421 1152 588 1229 summoque
600 1153 693 1211 hausit
704 1154 741 1211 de
753 1153 868 1231 gurgite
880 1150 1023 1230 lymphas,

258 1256 355 1314 Multa
368 1256 435 1313 deos
448 1272 543 1324 orans;
562 1254 747 1331 oneravitque
759 1255 865 1313 {ethera
877 1254 960 1312 rotis.

298 1359 422 1435 Jamque
434 1354 527 1413 omnis
539 1354 648 1431 campis
660 1355 801 1415 exercitus
811 1356 873 1413 ibat
885 1352 999 1432 apertis,

259 1458 350 1518 Dives
362 1456 479 1532 eqnflm,
499 1456 576 1513 dives
589 1456 676 1533 pictai
688 1456 779 1528 vestis,
799 1466 829 1514 et
841 1456 913 1514 auri.

260 1559 404 1636 Messapus
417 1557 521 1634 primas
534 1556 617 1627 acies,
637 1557 775 1634 postrema
788 1560 920 1617 coircent

261 1661 413 1738 Tyrrhidae
421 1657 541 1737 juvenes
545 1683 556 1730 3
576 1658 673 1717 medio
685 1660 746 1717 dux
757 1660 873 1736 agmine
884 1660 1001 1719 Turnus
1030 1646 1037 1666 “

260 1763 402 1833 Vertitur,
423 1779 501 1819 arma
514 1770 623 1828 tenens,
643 1768 674 1817 et
686 1767 748 1819 toto
760 1760 866 1819 vertice
879 1760 963 1840 supra
973 1760 1027 1818 cti:

262 1866 327 1923 Cen
339 1864 447 1942 septem
460 1862 576 1940 surgens
589 1860 691 1919 sedatis
703 1861 835 1920 amnibus
847 1862 921 1920 altus

263 1970 316 2028 Per
330 1967 451 2026 tacitum
464 1965 589 2042 Ganges,
609 1973 659 2022 aut
672 1964 773 2041 pingui
786 1965 907 2022 flumine
919 1964 1015 2032 Nilus,

266 2071 368 2130 Quum
380 2067 477 2126 refluit
489 2065 606 2142 campis,
625 2063 726 2141 etjam
737 2064 766 2123 se
779 2066 909 2124 condidit
920 2067 1012 2126 alveo.

303 2171 362 2228 Hic
376 2169 500 2228 subitam
512 2168 596 2244 nigro
609 2167 760 2242 glomerari
772 2168 889 2244 pulvere
901 2170 1011 2226 nubem

264 2270 443 2347 Prospiciunt
455 2267 568 2338 Teucri,
589 2287 623 2326 ac
637 2270 767 2326 tenebras
783 2268 929 2346 insurgere
942 2268 1062 2347 campis.

264 2371 376 2430 Primus
389 2372 425 2428 ab
440 2367 555 2428 adversi
568 2369 727 2428 conclamat
740 2371 817 2428 mole
829 2371 948 2434 Caicuss

265 2473 341 2532 Quis
356 2472 465 2548 globus,
486 2469 605 2528 ocivesl
627 2470 750 2547 caligine
762 2472 887 2530 volvitur
899 2473 975 2531 atrii

265 2573 348 2634 Ferte
364 2572 415 2630 citi
429 2572 547 2639 serrum,
567 2571 634 2628 date
647 2571 713 2640 tela,
733 2573 860 2632 scandite
872 2592 981 2646 muros,
1180 2520 1183 2619 l

265 2675 362 2736 Hostis
375 2673 460 2743 adest,
476 2672 533 2730 eial
564 2672 682 2748 Ingenti
695 2674 880 2752 clamoreper
891 2676 983 2734 omnis

266 2779 405 2854 Condunt
417 2776 446 2835 se
458 2773 564 2834 Teucri
577 2786 681 2850 portas,
699 2785 730 2833 et
742 2777 848 2835 moenia
860 2778 1011 2854 conplent:
1182 2732 1184 2853 l

266 2883 402 2956 Namque
415 2879 457 2936 ita
469 2875 616 2935 discedens
629 2887 810 2952 praeceperat,
822 2887 958 2955 optumus
968 2878 1064 2949 armis,

266 2984 391 3044 AEness:
413 2981 434 3040 fi
447 2997 504 3055 qua
516 2977 624 3036 interea
638 2978 762 3036 Fortuna
775 2979 881 3048 suisset,
1058 3047 1061 3054 Ι

267 3085 336 3144 Neu
347 3085 452 3142 struere
465 3081 603 3141 auderent
616 3078 718 3150 aciem,
738 3098 796 3138 neu
808 3083 921 3140 credere
930 3099 1050 3160 ¹campo3

267 3185 364 3244 Castra
376 3185 471 3252 modo,
491 3191 522 3240 et
534 3189 610 3240 tutos
622 3180 767 3240 servarent
779 3201 885 3260 aggere
897 3201 1003 3243 muros.
1031 3222 1042 3238 .·
1057 3243 1063 3254 ,
