2509 3875
227 276 334 327 v.³⁵8.
536 274 637 335 LIB.
674 275 713 333 X.
915 276 921 287 '
965 280 1023 344 ²07

226 424 260 483 N
260 442 297 483 on
310 424 363 502 ipfi
376 425 452 484 inter
464 427 501 498 se,
521 448 580 488 non
593 431 702 502 nubila,
722 448 781 489 non
792 446 871 488 mare
882 428 988 487 cedunt
992 452 1002 499 ;

226 528 343 605 Anceps
357 546 454 606 pugna
467 530 518 589 diu
523 556 532 603 3
553 532 627 590 liant
640 532 745 591 obnixa
757 532 855 589 omnia
868 540 981 590 contra:

226 630 316 687 Haud
328 630 412 688 aliter
423 630 554 709 Trojanae
567 634 650 705 acies,
670 635 801 711 aciesque
813 634 935 701 Latinae,

227 732 424 790 Concurrunt:
446 733 535 793 haeret
546 737 619 813 pede
632 756 691 813 pes,
711 736 870 811 densusque
881 734 942 793 viro
954 733 1008 792 vir.

265 836 308 895 At
320 818 399 913 parte
413 855 449 893 ex
462 836 528 907 alie,
547 838 603 913 qua
616 838 683 896 saxa
696 838 819 896 rotantia
831 838 889 894 late

227 937 374 1015 Inpulerat
388 946 504 1009 torreor,
525 940 692 1015 arbustaque
706 940 800 998 diruta
813 938 881 1015 ripis
886 962 897 1009 5
929 1010 934 1016 ,

227 1041 361 1109 Arcadas,
380 1039 505 1099 insuetos
518 1041 591 1100 acies
603 1042 710 1100 inferre
721 1041 865 1118 pedestris,

225 1143 271 1201 Ut
283 1142 356 1200 vidit
368 1143 458 1201 Pallas
471 1144 554 1202 Latio
567 1146 635 1203 dare
646 1154 727 1221 terga
740 1143 851 1220 sequaci
856 1168 866 1215 3

224 1244 333 1321 Aspera
347 1245 410 1321 quis
423 1255 523 1303 natura
536 1246 592 1304 loci
605 1246 750 1305 dimittere
761 1244 877 1322 quando

225 1348 316 1407 Suasit
329 1366 429 1422 equos3
450 1366 542 1405 unum
555 1350 632 1423 quod
644 1350 728 1406 rebus
740 1348 823 1406 restat
835 1347 942 1426 egenis,

225 1450 316 1508 Nunc
326 1466 417 1523 prece,
426 1467 504 1505 nunc
515 1448 606 1519 dietis,
611 1450 748 1507 virtutem
759 1450 891 1509 adcendit
901 1448 1016 1512 amaris:

228 1551 297 1607 Quo
310 1548 420 1623 fugitis,
441 1548 525 1605 socii?
547 1551 600 1607 Per
612 1568 660 1608 vos
672 1561 702 1607 et
715 1552 800 1609 fortia
817 1552 901 1622 faeta,

227 1652 279 1708 Per
291 1649 371 1705 ducis
384 1650 506 1707 Evandri
520 1666 634 1721 nomen,
654 1652 820 1725 devictaque
831 1652 916 1722 bella,

227 1753 369 1829 Spemque
388 1769 492 1819 meam,
518 1751 618 1827 patriae
639 1771 704 1827 quae
724 1771 801 1810 nunc
820 1753 896 1815 subit
917 1754 1023 1813 aernula

304 1852 396 1925 laudi3

225 1958 319 2018 Fidite
333 1976 370 2014 ne
384 1955 513 2034 pedibus,
552 1957 638 2015 Ferro
651 1958 807 2034 rumpenda
821 1976 872 2034 per
883 1957 969 2016 hostis
985 2016 990 2020 .

227 2061 275 2119 Est
285 2061 341 2118 via.
364 2059 432 2117 Oua
444 2060 545 2136 globus
555 2059 603 2117 ille
614 2059 710 2118 virum
721 2060 892 2118 densrffimus
901 2068 1005 2136 urguet
1010 2087 1020 2133 3

225 2164 290 2222 Hac
304 2181 362 2232 vos,
382 2172 412 2219 et
424 2162 551 2220 Pallanta
564 2162 677 2233 ducem,
697 2160 788 2238 patria
801 2162 859 2220 alta
871 2161 1001 2238 reposcit.

225 2266 357 2326 Numina
380 2265 459 2324 nulla
482 2275 634 2341 premunt:
667 2263 783 2323 mortali
804 2283 961 2341 urguemur
983 2266 1020 2323 ab

302 2369 379 2428 hoste

223 2472 375 2531 Mortales:
399 2471 519 2531 totidem
532 2472 613 2530 nobis
626 2472 795 2549 animaeque,
813 2491 979 2550 manusque.
990 2514 992 2517 -

225 2575 310 2632 Eccel
333 2573 418 2632 maris
431 2576 536 2651 magni
550 2575 658 2632 claudit
671 2594 722 2632 nos
735 2574 827 2652 objice
839 2587 957 2652 pontus.

226 2675 310 2732 Deest
316 2675 377 2750 jam
388 2686 460 2734 terra
467 2675 554 2752 fugae.
569 2675 861 2752 Pelagus‚Trojamne‚
871 2678 1017 2752 petemus?

223 2777 296 2836 Haec
309 2779 359 2848 ait,
379 2788 410 2834 et
422 2776 533 2836 medius
545 2777 645 2835 densos
657 2777 818 2853 prorumpit
830 2777 861 2834 in
875 2777 969 2834 hostis.

263 2877 373 2936 Obvius
386 2878 454 2936 huic
465 2878 601 2955 primum,
620 2878 687 2936 fatis
699 2877 836 2935 addudius
847 2877 966 2952 iniquia,
1004 2916 1013 2940 q.

223 2980 271 3038 Fit
278 2981 385 3055 Lagus:
400 2979 487 3050 hunc,
496 2997 602 3056 magno
610 2977 768 3036 vellitdum
775 2979 900 3054 pondere
908 2978 1017 3051 saxum,

222 3085 334 3141 intorto
347 3081 413 3157 figit
425 3082 492 3151 telo,
512 3079 677 3140 discrimina
689 3079 772 3138 cottia
813 3097 815 3100 ’

221 3187 273 3244 Per
286 3183 415 3244 medium
427 3184 484 3258 qua
501 3182 581 3259 spina
597 3182 692 3249 dabat,
712 3179 876 3256 hastamque
890 3193 1018 3262 receptat
