2509 3875
205 331 265 385 204
369 346 372 351 ·
464 326 743 395 AENEIDOS,
898 332 1009 383 nael.

207 480 340 557 Quisque
362 482 427 553 suae,
446 484 581 561 tefflque,
602 503 727 555 memor;
749 501 827 541 nuuc
842 500 950 559 magua
962 500 1008 539 re-

285 583 359 643 ferto

207 688 290 745 Fadia
305 698 427 765 patrum,
447 689 554 749 laudes.
594 690 683 749 Ultro
701 706 883 747 occurramus
900 688 937 745 ad
951 705 1008 747 une

286 792 362 860 darn,

208 894 289 951 Dum
302 894 416 971 trepidi,
436 894 593 971 egredique
606 895 704 952 labant
717 893 834 970 vestigia
846 893 949 970 prime

207 996 351 1055 Audentis
366 997 490 1055 Fortuna
498 996 591 1074 juvat.

207 1100 280 1157 Haec
294 1098 349 1169 ait;
370 1109 400 1157 et
413 1098 510 1157 secum
523 1098 624 1168 versat,
645 1118 717 1175 quoa
729 1099 834 1157 ducere
844 1108 955 1167 contra,

206 1201 262 1259 Vel
276 1200 380 1276 quibus
393 1200 514 1259 obselloa
525 1200 608 1278 poliit
620 1203 790 1259 concredere
801 1220 908 1259 muros.

247 1304 368 1371 Interea,
388 1302 498 1361 AEneaa
511 1303 600 1361 socios
613 1304 650 1361 de
661 1304 806 1381 puppibus
819 1304 884 1361 altis

207 1404 344 1465 Pontibus
356 1404 490 1481 exponit:
512 1404 599 1463 multi
612 1405 722 1465 servare
733 1404 862 1465 recursus

208 1508 387 1584 Languentis
398 1507 503 1586 pelagi,
523 1520 553 1566 et
565 1508 700 1569 brevibus
710 1510 741 1567 se
752 1511 867 1567 credere
879 1510 966 1579 saltu3

208 1614 261 1673 Per
273 1630 366 1671 remos
379 1612 437 1671 alii.
478 1602 646 1689 Speculatus
657 1613 743 1671 litora
754 1614 877 1684 Tarcho,

209 1716 278 1774 Qua
286 1718 359 1775 vada
369 1736 426 1775 nou
435 1716 552 1793 spirant,
561 1734 613 1773 uec
623 1716 1008 1787 sraclaremurmuratunda,

209 1820 264 1877 Sed
277 1838 354 1879 mare
366 1818 538 1879 inoffensum
552 1818 690 1877 crescenti
701 1818 845 1876 adlabitur
858 1818 939 1888 estu,

208 1922 345 1983 Advertit
358 1924 452 1982 subito
464 1941 569 2001 prorae,
589 1921 735 1998 sociosque
747 1932 894 1998 precatur:

208 2027 307 2096 Nunc,
328 2047 345 2084 ο
359 2027 432 2085 ledia
445 2027 559 2084 manus!
582 2026 684 2084 validis
695 2025 856 2083 incumbite
869 2025 967 2096 remis3

208 2129 325 2200 Tollite,
346 2130 427 2197 ferte,
448 2137 535 2186 rates:
556 2129 707 2186 inimicam
720 2128 823 2186 findite
836 2124 930 2186 rostris

209 2233 294 2289 Hanc
308 2241 421 2298 terram,
441 2231 608 2305 sulcumque
622 2230 673 2288 fibi
687 2241 799 2307 premat
810 2231 870 2308 ipsa
882 2231 993 2289 canna:

208 2333 351 2410 Frangere
364 2352 417 2389 nec
431 2332 482 2389 tali
495 2333 614 2408 puppim
628 2333 746 2390 statione
759 2333 872 2404 recuso;

209 2435 339 2510 Adrepri
352 2433 455 2490 tellure
468 2432 564 2491 semel.
606 2435 682 2491 Quae
694 2435 763 2492 talia
776 2436 925 2513 postquam

210 2536 320 2596 Effatus
332 2534 455 2603 Tarcho,
475 2534 544 2592 socii
556 2536 724 2612 consurgere
737 2539 832 2606 tontis,

210 2638 430 2717 spumantisque
444 2647 516 2694 rates
529 2639 601 2695 arvis
614 2639 720 2697 inferre
732 2641 855 2712 Latium

210 2745 310 2802 Donec
324 2741 408 2800 rostra
421 2749 521 2798 tenent
534 2741 648 2810 siccum,
668 2753 698 2799 et
710 2743 806 2801 sedere
819 2745 923 2802 carinae

211 2847 320 2906 Omnes
333 2849 473 2905 innocuae.
514 2845 568 2902 Sed
581 2863 640 2901 non
653 2848 756 2923 puppis
768 2856 827 2915 tua,
839 2847 967 2905 Tarcho:

209 2951 353 3027 Namque,
372 2949 481 3008 inflicta
495 2947 582 3017 vadis,
601 2947 683 3006 dorso
695 2950 766 3007 dum
778 2953 885 3027 pendet
897 2952 1007 3028 iniquo,

210 3055 324 3129 Anceps
337 3054 491 3110 sustentata
505 3051 563 3120 diu,
583 3051 745 3127 dubiusque
758 3053 872 3130 fatigat,

210 3135 342 3222 Solvitur,
363 3167 450 3231 atque
463 3155 537 3214 viros
550 3153 652 3212 mediis
664 3157 782 3231 exponit
797 3157 827 3214 in
841 3157 941 3228 undis;

217 3257 360 3334 'lragmina
373 3277 516 3316 remorum
530 3277 608 3333 quos,
629 3269 659 3314 et
672 3258 817 3318 fluitantia
830 3261 958 3327 transtra,
