2509 3875
252 362 293 415 42
516 353 794 424 AENEIDOS,
944 364 1055 415 uad-l.

254 510 313 569 Hic
321 508 444 587 juvenis,
460 509 522 587 jam
535 511 625 571 vidior
637 530 733 579 ovans,
752 510 871 590 vestigia
886 512 978 589 presso

254 615 341 673 Haud
356 614 449 672 tenuit
463 614 586 672 titubata
600 614 659 671 solo
667 638 676 685 ς
698 614 745 671 sed
758 634 864 692 pronus
875 613 908 672 in
921 615 983 691 ipso

254 716 390 776 Concidit
403 718 599 795 inmundoque
612 718 691 788 fimo,
711 717 846 795 sacroque
859 738 967 777 cruore.

254 822 324 881 Non
338 832 435 881 tamen
448 821 576 899 Euryali,
595 840 654 879 non
666 822 716 880 ille
731 823 847 891 oblitus,
867 840 1012 881 amorum:

254 926 334 984 Nam
346 926 404 985 sese
415 925 548 1003 opposuit
562 926 638 983 Salio
649 944 702 1002 per
716 926 826 984 lubrica
843 926 973 1004 surgens;

254 1028 309 1087 Ille
322 1038 420 1087 autern
434 1028 514 1105 spilla
523 1027 616 1106 jacuit
629 1031 776 1088 revolutus
788 1032 884 1088 areni.

254 1132 367 1193 Emicat
381 1132 530 1208 Euryalus,
550 1143 589 1201 et,
608 1152 728 1192 munere
740 1134 831 1192 vilior
842 1134 939 1203 amici,

254 1235 347 1294 Prima
361 1244 450 1304 tenet,
463 1235 620 1312 plausuque
631 1236 718 1308 volat,
732 1236 908 1313 fremituque
920 1237 1052 1296 secundo.

256 1340 317 1397 Post
330 1340 473 1416 Helymus
484 1339 570 1409 sunit,
583 1349 624 1408 et,
637 1359 713 1398 nunc
727 1339 812 1400 tertia
825 1341 930 1418 parma,
942 1341 1053 1400 uim.
1177 1319 1179 1356 ³

255 1442 314 1502 Hic
327 1451 420 1502 totum
433 1462 526 1503 caveae
538 1442 695 1503 consessum
707 1444 843 1521 ingentis,
862 1452 893 1501 et
905 1463 955 1502 ora

255 1548 350 1606 Prima
362 1557 488 1624 patrum,
508 1546 620 1624 magnis
634 1547 724 1607 Salius
736 1548 909 1607 clamoribus
921 1546 1022 1625 inplet,

256 1652 450 1728 Ereptumque
463 1651 529 1711 dolo
542 1652 624 1710 reddi
637 1652 689 1709 ubi
702 1652 794 1729 poscit
806 1652 954 1711 honorem.

254 1756 380 1831 Tutatur
392 1756 473 1815 favor
485 1757 652 1833 Euryalum,
671 1756 852 1832 lacrimaeque
865 1757 983 1825 deeorae,

254 1859 371 1918 Gratior
383 1868 413 1918 et
426 1860 526 1938 pulcro
538 1861 656 1919 veniens
668 1860 700 1917 in
713 1879 830 1938 oorpore
843 1860 942 1918 virtue

255 1964 390 2042 Adjuvat,
411 1975 442 2024 et
455 1967 560 2044 magni
573 1967 729 2044 proclamat
740 1982 818 2032 voce,
838 1965 949 2031 Diores,

256 2069 318 2128 Qui
331 2070 419 2128 subiit
431 2071 543 2146 palmae,
564 2070 721 2144 frustraque
732 2068 770 2126 ad
782 2064 899 2144 praemia
912 2064 993 2124 venit

255 2173 377 2242 Ultima,
397 2173 417 2230 sr
430 2172 518 2248 primi
531 2171 606 2230 Salio
620 2172 778 2229 redduntur
789 2171 918 2228 honores.

254 2276 332 2332 'lum
344 2283 425 2351 pater
436 2275 555 2343 AEneae,
567 2275 676 2344 Vestra,
695 2273 800 2350 iuquit,
820 2292 940 2331 munera
952 2271 1033 2331 vobio

253 2379 339 2435 Certa
351 2387 478 2446 manent,
491 2377 586 2452 pueri;
608 2388 639 2435 et
647 2377 774 2454 palmam
785 2386 881 2436 movet
890 2376 991 2436 ordine
1000 2394 1052 2433 ne·

254 2501 256 2510 ’
274 2503 277 2508 ·
331 2500 395 2538 mo:

253 2585 306 2643 Me
318 2584 405 2644 liceat
417 2585 496 2642 casus
509 2584 637 2642 miserari
648 2584 769 2643 insontis
781 2584 875 2642 amici.

254 2689 301 2748 Sic
314 2689 399 2758 fatus,
419 2697 533 2765 tergum
546 2689 655 2746 Gaetuli
667 2688 785 2748 inmane
798 2689 888 2746 leonia

254 2794 314 2852 Dat
327 2793 411 2863 Salio,
431 2792 507 2850 villis
515 2793 671 2851 one-rosum
690 2802 777 2869 atque
790 2792 937 2869 unguibus
949 2791 1051 2850 aureia.

180 2949 185 2956 .
254 2898 313 2957 Hic
326 2897 423 2967 Nisus,
444 2896 474 2954 Si
488 2905 577 2965 tanta,
595 2897 701 2974 inquit,
720 2898 787 2954 suut
798 2897 916 2974 praemia
929 2895 1021 2965 vistis,

253 3002 292 3060 Et
305 3011 334 3062 te
346 3001 488 3062 labrorum
499 2999 613 3058 miseret
618 3027 626 3072 ;
649 3021 714 3077 quae
728 3019 847 3058 munera
861 2999 935 3058 Niso

253 3104 350 3180 Digna
363 3105 458 3164 dabis?
479 3105 602 3182 primam
615 3103 708 3162 merui
720 3104 770 3180 qui
783 3104 868 3162 laude
881 3121 1047 3176 coronam3.

253 3207 296 3265 Ni
309 3227 365 3276 me,
385 3227 450 3283 quae
463 3207 581 3274 Salium,
593 3208 726 3290 ¹Fortuna
740 3206 857 3265 inimica
871 3205 986 3264 tuliffet.

253 3311 289 3370 Et
304 3310 386 3370 simul
400 3311 445 3370 his
458 3312 540 3371 dietis
553 3312 659 3373 faciem
673 3312 842 3384 ostentabat,
861 3320 892 3370 et
903 3311 962 3370 udo
