2509 3875
218 302 327 353 v.200.
520 292 616 354 LIB.
656 294 712 356 XI.
735 294 751 347 ’,
958 300 1019 363 237

218 449 357 509 Ardentis
369 450 495 528 speiiant
507 450 604 521 socios,
624 450 812 527 semiustaque
826 450 938 512 servant
1014 451 1019 458 '

217 554 316 625 Busta3
338 571 432 630 neque
445 554 528 612 avelli
541 554 664 631 potsunt,
684 574 743 612 nox
755 554 874 612 humida
888 554 979 611 donec

218 657 340 714 Invertit
352 658 466 727 coelum,
487 658 571 715 stellis
584 659 762 734 fulgentibus
774 667 884 734 aptum.

257 758 322 820 N'ec
336 761 431 818 minus
444 770 474 818 et
486 761 591 829 miseri,
611 761 721 819 diverti
732 760 765 817 in
777 769 866 836 parte,
886 755 985 817 Latini
1014 760 1018 765 ’

220 863 387 921 Innumeras
400 863 524 920 struxere
536 882 633 939 pyras3
656 872 685 921 et
697 881 814 939 corpora
826 861 932 939 partim

219 965 317 1024 Multa
330 966 426 1023 virum
439 975 520 1023 terrae
532 966 690 1036 infodiunt,
709 966 863 1041 avedtaque
876 962 982 1041 partim
1059 1022 1063 1031 ,

221 1068 372 1127 Finitimos
386 1066 492 1126 tollunt
504 1070 535 1126 in
549 1089 640 1147 agros,
660 1068 781 1144 urbique
794 1067 958 1125 remittunt:

221 1172 333 1242 Cetera,
353 1172 536 1248 confusaeque
549 1173 697 1250 ingentem
710 1171 795 1229 caedis
808 1189 950 1239 acervum,

218 1273 283 1332 Nec
296 1292 424 1344 numero,
438 1293 491 1332 nec
503 1274 621 1347 honore,
640 1285 781 1346 cremant5
803 1282 873 1331 tunc
885 1271 1019 1349 undique'

295 1376 364 1435 vasti

219 1479 361 1538 Certatim
373 1480 477 1539 crebris
489 1481 643 1539 conlucent
653 1481 770 1558 ignibus
787 1480 859 1558 agri.

218 1581 318 1641 Tertia
330 1583 382 1640 lux
395 1584 521 1661 gelidam
534 1586 606 1643 coelo
618 1585 776 1643 dimoverat
789 1585 935 1653 umbram;

218 1684 382 1751 Maerentes,
403 1686 494 1744 altum
507 1686 642 1755 cinerem,
662 1694 693 1743 et
704 1685 821 1743 confusa
834 1684 956 1741 ruebant

218 1784 285 1844 Offa
300 1786 380 1854 focis,
401 1788 554 1864 tepidoque
567 1778 723 1851 ductabant
733 1805 837 1864 aggere
850 1796 940 1843 terrae.

256 1890 322 1968 Jam
336 1890 446 1949 veroin
461 1890 550 1960 tedis,
570 1889 727 1968 praedivitis
738 1890 809 1946 urbe
822 1886 928 1955 Latini,

216 1991 378 2068 Praecipuus
391 1992 496 2070 fragor,
516 2003 545 2051 et
557 1993 640 2069 longi
656 2011 720 2070 pars
731 1991 857 2048 maxima
870 1988 973 2048 ludin.

216 2093 275 2151 Hic
288 2103 400 2162 matres,
420 2094 585 2170 miseraeque
597 2114 694 2163 nurus,
715 2094 764 2151 hic
777 2112 842 2151 cara
855 2092 982 2150 sororum

218 2196 333 2254 Pedere
345 2208 523 2266 maerentum,
542 2197 681 2274 puerique
692 2195 856 2273 parentibus
868 2195 941 2265 orbi,

215 2297 322 2356 Dirum
335 2298 516 2358 exsecrantur
527 2299 645 2367 bellum,
662 2299 810 2374 Turnique
823 2298 1000 2375 hymenaemr

216 2400 314 2476 Ipsum
333 2400 444 2469 animis,
463 2401 615 2478 ipsumque
623 2399 726 2477 jubent
739 2401 889 2458 decernere
901 2399 991 2471 ferr03

218 2501 281 2558 Qui
293 2520 415 2579 regnum
430 2492 528 2572 Italiae,
548 2512 577 2558 et
590 2503 696 2578 primos
709 2503 761 2560 fibi
772 2502 870 2579 poscat
882 2502 1012 2560 honores.

216 2602 354 2678 Ingravat
367 2603 429 2662 haee
441 2603 529 2661 saevus
542 2605 669 2668 Drances
674 2629 684 2674 3
705 2603 853 2679 solumque
867 2603 960 2663 vocari

215 2702 357 2771 Testatur,
366 2704 469 2762 'solum
481 2704 557 2782 posci
570 2705 600 2771 in
613 2707 778 2772 certamina,
790 2707 933 2762 Turnum.

215 2804 314 2863 Multa
327 2806 411 2863 simul
424 2817 521 2864 contra
536 2806 619 2873 variis
633 2806 772 2864 sententia
786 2805 867 2863 dieis

216 2907 270 2965 Pro
280 2907 380 2964 Turno
383 2933 392 2978 3
414 2917 444 2965 et
456 2927 595 2984 magnum
607 2908 714 2983 reginae
727 2925 831 2964 nomen
844 2907 1009 2966 obumbrata

215 3009 311 3067 Multa
324 3007 418 3067 virum
431 3010 540 3067 meritis
552 3009 691 3071 sustentat
703 3008 779 3066 fama
793 3008 913 3085 tropaeis.
958 3017 962 3022 ’

254 3112 317 3169 Hos
330 3110 406 3168 inter
418 3121 521 3179 motus,
541 3110 638 3168 medio
650 3110 681 3166 in
694 3111 833 3187 flagrante
846 3109 982 3182 tumultm

214 3213 301 3271 Ecce!
324 3212 406 3289 super
418 3211 515 3282 maesti,
529 3211 641 3301 'magnit
657 3211 801 3270 Diomedia
814 3212 954 3280 ab'urbe,'
992 3226 995 3232 '
