2509 3875
272 409 327 460 102
530 402 803 482 muninus,
973 396 1065 467 v.o7.

269 559 406 627 Examen,
427 557 551 617 subitum
565 579 644 617 ramo
660 559 819 640 frondente,
839 555 983 634 pependit.

269 660 416 716 Continuo
428 670 514 728 vates,
535 663 694 718 Externum
708 661 860 727 cernimus,
879 657 985 732 inquit,

268 765 433 820 Adventare
444 764 547 833 virum,
568 771 598 819 et
610 763 698 839 partis
710 772 807 839 petere
821 779 924 837 agmen
936 757 1050 815 easdem

269 865 396 921 Partibus
408 883 445 921 ex
457 865 558 932 isdem,
578 875 607 920 et
621 865 731 921 summi
746 860 917 920 dominarier
929 879 1003 917 arce.

308 969 452 1034 Praeterea,
473 966 553 1023 castis
566 967 661 1023 adolet
674 967 744 1022 dum
757 963 857 1022 altaria
871 961 958 1028 taedis,
1007 977 1016 994 ⁶

268 1068 311 1123 Ut
320 1065 404 1142 juxta
418 1067 578 1143 genitorem
590 1068 680 1124 adstat
694 1065 812 1124 Lavinia
826 1066 916 1142 virgo,

267 1167 336 1223 Visa
349 1167 442 1224 nesasl
465 1168 558 1244 longis
572 1168 764 1244 conprendere
777 1165 903 1224 crinibus
916 1165 1025 1240 ignem,

268 1276 367 1344 Atque
374 1289 488 1327 omnem
499 1280 632 1327 ornatum
642 1269 758 1327 dammi
766 1267 922 1343 crepitante
932 1266 1062 1335 cremari,

267 1371 441 1446 Regalisque
454 1370 572 1427 adcensa
586 1389 689 1438 comas,
710 1369 828 1427 adcensa
841 1386 985 1436 coronam,

268 1473 412 1548 Insignem
426 1471 562 1548 gemmis,
583 1481 646 1528 tum
660 1469 770 1528 fumida
783 1471 894 1528 lumine
907 1469 986 1527 fulvo

267 1573 388 1644 involvi,
408 1593 441 1631 ac
455 1574 522 1631 totis
533 1573 696 1630 Volcanum
711 1573 840 1649 spargere
854 1573 944 1632 testis.

183 1728 185 1731 .
267 1679 302 1733 Id
315 1695 381 1733 vero
394 1676 575 1745 horrendum,
596 1696 629 1734 ac
642 1676 705 1733 visu
718 1677 855 1745 mirabile,
876 1676 956 1734 serri:

267 1779 402 1854 Namque
415 1779 475 1836 fore
488 1778 634 1860 inlustrem
647 1779 732 1846 fami,
752 1778 884 1854 satisque,
905 1780 1045 1836 canebant
1063 1841 1066 1847 ,

267 1881 361 1958 Ipsam
367 1906 375 1950 3
398 1879 446 1939 sed
458 1882 563 1959 populo
576 1900 715 1957 magnum
728 1881 893 1957 portendere
905 1879 1022 1938 bellum.

306 1987 421 2052 Atrea,
441 1986 575 2042 sollicitus
587 1986 784 2051 monstrorum,
803 1984 916 2041 oracula
930 1984 1030 2054 Fauni,

268 2086 388 2143 Fatidici
402 2087 548 2162 genitoris,
569 2086 630 2142 adit
635 2111 643 2156 ;
665 2087 799 2161 lucosque
813 2085 935 2143 subalta

268 2187 399 2244 Consulit
414 2188 560 2244 Albunea:
583 2206 733 2244 nemorum
745 2207 810 2262 quae
823 2206 957 2253 maxuma
971 2186 1049 2247 sacro

267 2290 357 2346 Fonte
371 2289 460 2359 sonat,
480 2291 638 2365 saetramque
651 2290 765 2347 exhalat
778 2310 865 2367 opaca
879 2291 1040 2367 mephitim.
1051 2288 1065 2341 ’.

268 2391 346 2447 Hinc
360 2390 439 2446 ltalae
453 2402 560 2467 gentes,
581 2391 729 2467 omnisque
740 2393 877 2451 OEnotria
891 2393 982 2462 tellus,

268 2494 303 2548 ln
317 2483 550 2567 dubiis'respousa
564 2503 680 2569 petunt:
703 2493 759 2551 huc
772 2495 845 2552 dona
859 2476 985 2553 sacerdos

270 2595 371 2651 Quum
384 2594 460 2663 tulit,
481 2605 510 2650 et
523 2592 658 2652 caesarum
670 2596 768 2653 ovium
781 2595 832 2653 sub
846 2598 927 2654 noste
941 2597 1034 2656 silenti

268 2696 389 2753 Pellibus
401 2695 534 2752 incubuit
546 2696 646 2767 stratis,
665 2696 832 2772 somnosque
845 2700 962 2773 petivit,

266 2799 362 2856 Multa
376 2799 466 2855 modis
481 2798 627 2855 simulacra
640 2798 718 2855 videt
730 2800 879 2857 volitantia
893 2801 982 2870 miris,

268 2904 305 2959 Et
318 2900 408 2959 varias
421 2900 501 2958 audit
515 2919 604 2969 voces,
624 2900 786 2976 fruiturque
799 2902 917 2960 deorum

268 3004 439 3079 Conloquio,
453 3014 538 3079 atque
551 3003 616 3059 imis
626 3003 789 3062 Acheronta
802 3006 917 3063 adfatur
926 3009 1059 3068 Avernia.

268 3108 367 3163 Ilicet
380 3116 443 3163 tum
455 3117 535 3181 pater
547 3104 615 3181 ipse,
636 3115 735 3181 petens
748 3105 885 3182 responsa,
907 3109 1027 3167 Latinus

267 3208 394 3265 Centum
406 3208 546 3283 lanigeras
559 3208 700 3265 mactabat
714 3206 767 3263 rite
780 3208 916 3278 bidentis;

267 3310 365 3384 Atque
378 3309 480 3366 harum
493 3309 608 3367 effultus
622 3318 711 3387 tergo,
732 3309 877 3386 stratisque
885 3309 999 3385 jacebat
