2509 3875
194 306 221 349 v.
236 295 304 361 887.
509 296 609 356 LIB.
649 296 687 355 X.
935 301 995 365 227

190 445 274 516 Inde,
295 447 346 506 ubi
360 455 403 507 tot
416 450 529 511 traxisse
542 472 644 523 moras,
665 458 708 509 tot
723 450 830 529 spicula
843 450 930 508 tardet

191 547 314 620 Vellere,
336 560 365 608 et
377 562 525 629 urguetur,
545 556 645 633 pugni
662 553 822 630 congressus
835 551 950 627 iniqua,

191 649 287 708 Multa
298 672 414 711 movens
422 656 528 726 animo,
535 655 596 733 jam
607 658 724 714 taudem
734 654 869 730 erumpit,
878 665 908 712 et
915 653 996 734 inter

190 752 340 811 Bellatoris
353 756 420 831 equi
433 776 502 815 cava
516 766 643 835 tempora
655 756 770 834 conjicit
784 757 901 814 hastam.

192 854 284 913 Tollit
297 856 324 914 se
338 858 483 916 adfectum
496 860 665 937 quadrupes,
683 869 714 916 et
723 858 848 916 calcibus
860 876 942 915 auras

190 955 339 1028 Verberat,
353 959 532 1036 effusumque
545 962 681 1038 equitem,
700 960 783 1037 super
795 960 855 1037 ipse
868 959 988 1032 secutur,

190 1058 324 1136 inplicat,
345 1060 490 1138 ejectoque
502 1062 656 1133 incumbit,
677 1082 798 1121 cernuus
811 1081 899 1120 armo.

190 1162 323 1221 Clamore
339 1164 500 1222 incendunt
513 1165 617 1223 coelum
629 1166 784 1241 Troesque,
804 1164 969 1241 Latinique.
1016 1240 1024 1247 .

189 1264 317 1323 Advolat
330 1266 449 1336 AEneas,
469 1267 631 1344 vaginaque
643 1266 727 1343 eripit
741 1266 847 1337 ensem,

72 1374 73 1391 ¹
189 1365 228 1423 Et
241 1367 325 1445 super
337 1368 412 1426 haec:
441 1369 502 1427 Ubi
515 1388 592 1426 nunc
606 1368 769 1426 Merentius
782 1388 854 1439 acer,
875 1376 905 1427 et
917 1368 968 1427 illa

188 1468 284 1527 Effera
296 1469 340 1527 vis
352 1469 459 1528 animi?
481 1472 589 1529 Contra
598 1470 776 1547 Tyrrhenus,
796 1480 839 1539 ut,
859 1490 941 1529 aurae

190 1572 358 1648 suspiciens,
378 1573 471 1631 hausrt
484 1574 599 1643 coelum,
618 1583 803 1649 mentemque
816 1574 938 1650 recepit:

188 1673 286 1731 Hostis
297 1694 399 1743 amare,
408 1675 478 1752 quid
489 1676 651 1753 increpitas,
662 1684 841 1751 mortemque
851 1674 985 1734 minaris?

189 1775 313 1835 Nullum
327 1776 358 1835 in
371 1779 449 1836 caede
461 1778 541 1835 nefas
546 1802 554 1848 ς
577 1796 631 1835 nec
643 1778 681 1835 fic
694 1778 730 1834 ad
741 1778 842 1853 proeiia
855 1777 936 1850 veni3

188 1878 255 1938 Nec
269 1888 364 1938 tecum
377 1899 457 1939 meus
467 1879 529 1938 haec
540 1878 652 1957 pepigit
664 1878 738 1938 mihi
748 1879 853 1938 foedera
867 1878 984 1943 Lausus.

186 1983 289 2041 Unum
298 1983 362 2053 hoc,
371 2003 431 2060 per,
443 1984 463 2041 sr
473 2003 530 2059 qua
539 1983 579 2040 est
587 1982 669 2040 visitis
679 1982 761 2040 venia
772 1981 907 2053 hostibus,
918 2002 982 2056 oro,
1026 2018 1030 2022 Δ

70 2073 71 2110 ³
186 2086 298 2163 Corpus
311 2087 400 2145 humo
411 2085 521 2163 patiare
534 2084 603 2162 tegi.
644 2083 708 2142 Scio
721 2086 820 2142 acerba
834 2103 965 2144 meorum

185 2189 375 2248 Circumsiare
389 2189 466 2247 odia:
488 2189 575 2256 hunc,
596 2206 656 2256 oro,
675 2187 798 2245 defende
808 2188 933 2246 furorem
940 2213 950 2260 3

184 2292 224 2350 Et
237 2311 293 2362 me,
313 2290 472 2350 consortem
485 2289 556 2361 nati,
576 2290 700 2347 concede
713 2288 850 2366 sepulcro.

184 2394 258 2452 Haec
276 2394 412 2471 loquitur,
429 2391 588 2470 juguloque
601 2392 677 2450 haud
691 2390 797 2451 inscius
809 2392 918 2472 adcipit
930 2413 981 2454 en·

263 2495 330 2565 sem,

70 2657 72 2670 ,
185 2596 376 2675 Undantique
389 2597 515 2658 animam
528 2595 665 2656 diffundit
677 2596 709 2654 in
723 2616 800 2656 arma
812 2616 921 2657 cruore.
