2509 3875
180 306 292 379 11307.4
462 308 578 372 'LIB.
615 310 670 369 XI.
919 317 975 367 241

181 462 290 533 Proelia,
311 460 364 523 nec
377 465 445 524 vieti
457 467 571 543 potsunt
584 468 710 527 abfistcre
723 466 807 523 ferro.

73 546 75 591 r
180 564 532 643 Spem‚tiquamadscitis
545 565 975 638 AEtoffimhabuiffisinarmie

180 660 295 724 Ponite:
317 670 379 745 spes
390 671 442 728 fibi
453 672 587 747 quisque:
610 673 658 731 sed
667 672 738 740 haec,
750 688 838 745 qnam
847 670 974 745 angusta,

257 769 368 829 videtis.

180 870 283 928 Uetera
296 874 353 948 qod
365 874 581 951 retumjaceant
593 853 719 954 percuisa
730 875 823 944 ruina,

177 973 257 1033 Ante
271 976 375 1045 oculos,
395 976 525 1053 interque
538 998 640 1037 manus
653 978 719 1035 suut
732 977 828 1035 omnia
841 976 952 1034 vestras.

178 1074 243 1132 N'ec
254 1096 428 1153 quemquam
438 1078 549 1138 incuso:
571 1081 740 1157 potuitquae
749 1079 873 1156 plurima
883 1081 975 1137 virtus

178 1174 251 1247 Effe,
264 1178 334 1235 fuit:
358 1188 418 1237 toto
431 1192 571 1240 certatum
584 1183 624 1239 est
636 1201 751 1258 corpore
764 1182 855 1257 regni.

177 1278 266 1337 Nunc
280 1282 359 1349 adeo,
378 1302 443 1357 quae
456 1284 489 1341 fit
502 1284 597 1342 dubiae
608 1285 748 1342 sententia
761 1271 862 1352 ment'i,

177 1380 346 1457 Expediam,
366 1394 396 1441 et
408 1387 505 1461 paucis
519 1387 642 1460 (animos
655 1386 801 1459 adhibete)
816 1386 933 1443 docebo.

177 1484 226 1540 Est
240 1485 373 1561 antiquus
386 1506 454 1563 ager
466 1488 560 1545 Tusco
572 1488 647 1545 mihi
658 1487 805 1563 proximus
818 1487 907 1555 amni,

178 1586 303 1663 Longus,
323 1588 506 1657 inmensum,
525 1590 591 1647 finis
604 1590 688 1667 super
700 1608 789 1664 usque
802 1589 931 1657 Sicanor3

177 1688 309 1746 Aurunci
322 1691 480 1767 Rutulique
492 1690 598 1763 serunt,
618 1703 648 1749 et
661 1710 775 1748 vomere
787 1693 872 1748 duros

176 1786 319 1849 Exercent
332 1792 421 1863 collis,
441 1802 527 1869 atque
540 1794 644 1851 horum
660 1792 811 1871 asperrima
823 1790 952 1867 pascunt.

177 1893 250 1962 Haec
263 1896 355 1952 omnis
368 1895 455 1972 regio,
476 1906 505 1952 et
517 1896 581 1954 celsi
595 1895 680 1973 plaga
692 1894 776 1979 pinea
789 1893 905 1962 montis,

176 1997 269 2054 Cedat
281 1997 415 2056 amicitiae
423 1998 616 2068 Teucrorum3
640 2008 670 2054 et
683 1995 796 2053 foederis
808 2014 902 2070 aequas

175 2099 313 2156 Dicamus
325 2099 411 2176 leges,
431 2099 576 2176 sociosque
588 2099 620 2156 iu
633 2117 720 2174 regna
734 2115 880 2156 vocemus:

175 2201 340 2271 Considunt,
362 2203 382 2259 s1
397 2211 491 2260 tantus
504 2220 592 2270 amor,
611 2209 642 2258 et
655 2201 759 2258 moenia
772 2200 904 2256 condant.

175 2303 224 2360 Sin
238 2304 306 2362 alios
319 2303 393 2374 finis,
415 2305 556 2379 aliamque
569 2303 709 2381 capessere
723 2312 843 2378 gentem

174 2405 223 2462 Est
236 2406 356 2474 animus,
376 2406 551 2483 poscuntque
563 2406 622 2464 solo
634 2406 770 2463 decedere
783 2404 890 2474 nostr03

174 2505 223 2562 Bis
237 2509 322 2564 denas
336 2509 409 2566 Italo
423 2518 552 2566 texamus
564 2510 664 2566 robore
677 2508 765 2579 navis,

175 2608 231 2664 Seu
244 2609 332 2682 pluris
345 2611 478 2686 conplere
490 2611 599 2668 valent:
617 2608 695 2687 jacet
707 2609 800 2667 omnis
812 2609 848 2666 ad
860 2605 968 2676 undam

174 2703 325 2766 Materies:
348 2711 399 2786 ipsr
414 2730 631 2787 numerumque,
652 2713 836 2787 modumque,
856 2709 960 2768 carinis
997 2766 1001 2773 ,

73 2889 74 2892 ¹
174 2809 358 2886 Praeeipiant3
380 2831 431 2870 nos
444 2832 508 2881 aera,
528 2831 638 2880 manus,
657 2813 777 2880 navalia,
797 2813 905 2868 demus.

175 2914 322 2982 Praeterea,
342 2915 391 2988 qui
405 2915 480 2972 dieta
492 2915 594 2985 ferant,
614 2925 645 2972 et
657 2915 763 2971 foedera
776 2914 903 2983 firment,

174 3015 303 3072 Centum
315 3025 437 3074 oratores
450 3017 542 3093 primd
555 3018 591 3074 de
604 3027 691 3092 gente
701 3016 821 3074 Latinos
870 3084 874 3088 ¹
962 3023 971 3031 “

173 3116 220 3176 Ire
232 3117 335 3193 placet,
355 3118 488 3194 pacisque
500 3137 588 3176 manu
601 3119 776 3194 pretendere
787 3135 893 3187 ramos;

174 3219 297 3278 Munera
310 3219 457 3296 portantis,
476 3221 595 3296 aurique
607 3219 757 3295 eborisque
770 3219 885 3289 talenta,
914 3274 916 3279 .
962 3230 966 3236 ⁴

232 3339 305 3382 vor..
321 3342 360 3384 ιι.
518 3336 522 3342 ·
578 3340 598 3378 ι
