2509 3875
272 219 328 291 196
528 218 805 286 AENElDOS,
976 216 1074 275 v.66.

270 354 347 433 bella
362 374 450 453 sequi,
470 384 520 433 aut
533 374 643 433 hostem
655 374 714 453 regi
728 375 758 432 se
768 373 875 433 inferre
888 373 1012 433 Latino?

268 479 383 538 Italiam
398 480 472 537 Fatis
485 480 569 556 petiit
581 479 743 539 ardoribus
748 502 756 549 3
778 478 850 535 esto:

271 582 430 641 Callandrae
443 582 571 659 inpulsus
583 583 681 641 furiisz
702 602 775 641 num
786 582 917 659 linquere
929 584 1020 641 castra

270 686 387 745 Hortari
401 685 506 755 sumus,
526 696 577 745 aut
591 666 683 745 vitam
693 686 865 745 conmittere
878 687 988 745 ventis?

270 791 351 849 Num
364 809 452 868 puero
466 789 607 849 summam
621 790 700 860 belli,
721 808 793 847 num
805 791 920 848 credere
932 802 1045 861 muroa3

268 892 484 969 Tyrrheoamve
497 892 595 961 fidem,
615 902 666 949 aut
679 892 773 969 gentis
786 892 895 968 agitare
909 892 1038 968 quietas?

271 996 347 1054 Quis
361 998 430 1055 deus
444 996 474 1053 in
487 996 627 1065 fraudem,
648 1016 713 1071 quae
727 997 797 1054 dura
810 996 939 1073 potentia
951 996 1050 1065 nostrl,

269 1100 355 1175 Egit?
377 1099 426 1157 ubi
441 1098 487 1157 hic
500 1100 588 1176 Juno,
607 1099 759 1159 demiffare
771 1100 896 1157 nubibus
909 1099 977 1157 lris?

268 1201 427 1279 Indignum
440 1202 488 1270 est,
509 1203 595 1260 Italos
605 1202 722 1279 Trojam
735 1205 912 1261 circumdare
923 1204 1050 1261 flammis

270 1304 454 1372 Nascentem,
474 1316 504 1363 et
517 1307 609 1382 patria
622 1308 757 1365 Turnum
770 1308 918 1366 consistere
932 1308 1014 1377 terri,

269 1408 326 1467 Cui
341 1408 489 1466 Pilumnus
502 1428 579 1479 avus,
599 1410 648 1468 cui
660 1411 725 1468 diva
735 1412 851 1470 Venilia
865 1422 968 1470 mater:

270 1511 361 1579 Ouid,
379 1510 442 1569 face
454 1510 591 1588 Trojanor
604 1513 665 1571 atra
677 1514 739 1571 vim
751 1515 824 1571 ferre
838 1514 948 1571 Latinis
952 1538 960 1583 3

269 1618 346 1673 Arva
362 1614 454 1673 aliena
463 1613 535 1692 jugo
547 1636 685 1693 premere,
704 1629 791 1693 atque
804 1626 930 1675 avertere
942 1618 1068 1694 praedasl

271 1720 364 1788 Quid,
383 1720 493 1777 soceros
505 1720 609 1797 legere,
631 1732 661 1779 et
673 1720 790 1797 gremiis
803 1721 944 1779 abducere
957 1721 1067 1798 padias5
1174 1779 1175 1794 p

269 1826 370 1881 Pacem
384 1842 463 1881 orare
476 1842 574 1892 manu,
593 1824 740 1901 praefigere
753 1824 896 1901 puppibus
909 1828 1004 1882 arma?
1174 1813 1175 1856 l

269 1928 315 1987 Tu
329 1937 409 2006 potes
422 1928 538 1988 AEnean
553 1928 686 1988 manibus
698 1926 854 1986 subducere
866 1928 999 1998 Graiirm,
1067 1963 1071 1974 ·

268 2035 379 2110 Proque
392 2033 454 2090 viro
467 2033 601 2091 nebulam
614 2045 644 2090 et
656 2043 755 2090 ventos
770 2034 925 2090 obtendere
937 2033 1047 2104 inanis;

268 2139 305 2194 Et
318 2136 441 2214 polesio
456 2137 575 2194 tolidem
591 2136 704 2194 claffem
722 2138 887 2194 convertere
899 2137 1067 2213 Nymphas:

268 2241 331 2298 Nos
344 2239 453 2314 aliquid
466 2240 587 2296 Rutulos
600 2250 697 2297 contra
706 2239 818 2316 juvisse,
838 2241 996 2298 nefandum
1009 2241 1067 2301 esti
1175 2290 1176 2299 ,

267 2343 376 2399 AEneas
389 2341 504 2418 ignarus
517 2343 606 2399 abest:
629 2344 745 2420 ignarus
759 2355 788 2400 et
801 2344 880 2401 abfit.

268 2444 315 2503 Est
328 2444 448 2520 Paphor,
467 2445 649 2521 Idaliumque
662 2432 731 2517 tibi}
753 2446 818 2504 sunt
832 2448 887 2505 alta
903 2449 1045 2524 Cythera:

267 2547 350 2605 Quid
364 2546 510 2624 gravidam
524 2549 606 2606 bellis
620 2553 729 2618 urbem,
743 2560 772 2607 et
785 2552 869 2608 corda
883 2552 988 2628 aspera,
1001 2565 1067 2611 ten-

344 2653 402 2709 tas?

267 2757 367 2816 Nosne
381 2755 435 2813 tibi
447 2755 539 2813 fluxas
553 2757 685 2834 Phrygiae
697 2778 740 2816 res
754 2769 863 2816 vertere
877 2761 967 2818 fundo

266 2863 429 2919 Conamur?
452 2863 520 2918 nos?
541 2881 577 2918 an
593 2861 707 2919 miseros
720 2863 771 2938 qni
782 2865 871 2921 Troas
885 2865 1005 2922 Achivis

265 2965 401 3042 Objecit?
423 2985 487 3041 quae
501 2964 593 3022 caussa
606 2965 672 3035 fuit,
692 2967 862 3045 consurgere
875 2969 906 3025 in
921 2988 997 3027 arma
1117 2995 1120 3001 Δ
1175 2982 1176 3011 l

263 3069 474 3146 Europamque,
492 3069 648 3146 Aliamque
653 3095 662 3141 3
684 3080 714 3128 et
727 3072 833 3129 foedera
850 3073 956 3131 solvere
970 3074 1067 3130 furto?

263 3173 316 3228 Me
329 3173 401 3231 duce
414 3175 577 3234 Dardanius
595 3176 724 3251 Spartam
742 3178 919 3254 expugnavit
932 3176 1061 3235 adulter?
