2509 3875
238 333 377 394 v.·⁶63.⁴'
527 336 564 392 J,
575 335 591 392 I
604 335 637 394 B.
677 333 762 392 VIII.
986 337 1042 390 153

234 493 282 550 ‚Et
293 508 392 568 regem
404 490 460 550 ha'c
471 490 609 549 Herilnm
620 490 722 548 dextri
735 487 787 546 sub
799 487 920 546 Tartara
933 483 1010 558 mifi3
1039 497 1042 506 “

243 593 383 651 Nascenn
396 593 445 650 cni
459 592 511 650 tris
523 592 633 650 animas
646 591 765 651 Feronia
777 602 878 660 mater,

242 697 429 762 Horrendnm
441 695 533 753 dielu!
555 697 682 763 dederat,
702 704 781 752 terna
794 712 872 752 arma
885 692 1025 750 movenda
1031 715 1041 762 ς

242 799 301 855 Ter
313 798 373 856 leto
385 797 550 855 sternendus
562 806 639 855 erat:
663 797 711 854 cui
724 807 794 854 tunc
808 807 905 854 lamen
918 794 1011 854 omnis

243 900 376 960 Abstulit
394 901 457 958 hrec
468 900 579 958 animas
591 902 702 970 dextra,
722 907 752 958 et
768 898 890 958 totidem
903 897 985 956 exuit
997 915 1042 954 ar·

299 1050 304 1057 .
319 1022 385 1061 mss.

243 1106 312 1164 Non
325 1124 381 1182 ego
391 1125 470 1163 nunc
481 1105 559 1162 dulci
571 1104 708 1182 amplexu
720 1104 870 1164 divellerer
881 1121 1013 1178 usquam,
1047 1131 1048 1136 1

242 1210 330 1277 Nate,
351 1218 402 1266 tuo
406 1233 416 1280 3
436 1227 532 1284 neque
544 1205 686 1265 finitimus
699 1206 862 1266 Mezentius
875 1223 1005 1280 usquam,

241 1311 323 1382 Huic
334 1310 424 1387 capiti
432 1309 584 1379 insultans,
605 1319 649 1367 tot
661 1311 737 1368 ferro
751 1309 821 1366 saeva
835 1307 954 1366 dedisset

242 1413 362 1482 Funera,
380 1413 443 1471 'tam
454 1412 554 1471 mullis
565 1412 705 1470 viduaffet
717 1411 827 1471 civibus
839 1413 950 1470 urbem.
1047 1423 1050 1429 ’

243 1518 287 1575 At
298 1536 358 1585 vos,
376 1537 396 1574 ο
408 1515 522 1594 Snperil
544 1526 575 1574 et
586 1517 684 1575 dlvom
697 1525 728 1574 tu
742 1517 869 1576 maxime
881 1516 972 1574 reno:

242 1618 388 1697 Juppiterl
409 1619 537 1689 Arcadii
557 1619 663 1695 quaeso,
682 1617 854 1677 miserescite
866 1619 950 1694 regis,
1047 1633 1051 1672 t

243 1723 282 1779 Et
293 1721 400 1798 patrias
410 1721 510 1780 audite
521 1740 637 1798 precesr
654 1721 684 1780 si
694 1724 816 1780 numina
829 1723 917 1779 vestra
1037 1729 1039 1734 “

244 1825 422 1882 incolumem
435 1825 563 1883 Pallanta
576 1824 659 1894 mihi,
681 1825 701 1881 fi
714 1823 773 1882 iata
788 1823 939 1892 reservant,

244 1927 275 1986 Si
286 1927 397 1987 visurus
409 1931 477 1986 eum
488 1926 563 1998 vivo,
584 1935 614 1984 et
625 1934 759 1985 venturus
773 1925 803 1983 in
818 1945 922 1995 unum;

243 2030 343 2089 Vitam
356 2048 420 2088 oro:
444 2030 539 2106 patiar
550 2028 681 2104 quemvis
694 2030 796 2085 durare
808 2027 947 2086 laborem.

243 2133 293 2192 Sin
306 2133 433 2209 aliquem
444 2132 599 2190 infandum
611 2131 717 2199 casum,
737 2131 872 2201 Fortuna,
892 2130 1025 2203 minaris,
1042 2142 1049 2163 '¹

243 2236 350 2305 Nunc,
360 2255 379 2293 ο
391 2235 481 2293 nnnc!
503 2234 590 2293 liceat
601 2234 747 2293 crudelem
760 2236 928 2311 abrumpere
941 2235 1041 2305 vitam,
1076 2232 1078 2241 ’

243 2339 323 2397 Dum
336 2356 412 2396 curae
423 2337 576 2413 ambiguae,
596 2339 667 2394 dum
680 2337 741 2414 spes
754 2336 863 2395 incerta
876 2337 977 2410 futuri,

243 2442 324 2499 Dum
337 2451 376 2510 te,
395 2460 460 2499 care
471 2460 551 2518 puer,
571 2460 636 2498 mea
649 2442 709 2499 sera
720 2450 750 2498 et
763 2441 820 2499 sola
834 2442 972 2518 voluptas,
1049 2486 1051 2491 ,

243 2544 396 2620 conplexu
409 2553 509 2601 teneo:
531 2543 645 2619 gravior
658 2563 695 2602 ne
707 2543 825 2603 nuntius
838 2545 914 2603 auris

243 2647 391 2706 Volneret.
430 2648 503 2706 Haec
516 2646 630 2723 genitor
642 2646 766 2723 digreffu
779 2646 854 2705 dicia
871 2647 1003 2723 supremo

242 2748 406 2808 Fundebat:
428 2749 533 2808 famuli
550 2748 718 2807 conlabsum
730 2749 762 2807 in
775 2749 848 2806 tecla
861 2748 1002 2805 serebant.

282 2853 406 2930 Jamque
417 2853 489 2910 adeo
501 2850 611 2909 exierat
623 2851 713 2927 portis
725 2851 869 2927 equitatus
883 2848 1000 2924 apertis:

242 2955 353 3015 AEneaa
366 2954 442 3012 inter
453 2954 570 3031 primns,
590 2963 621 3010 et
633 2954 707 3011 fidus
720 2952 845 3012 Achates
851 2975 860 3022 3

242 3059 315 3123 Inde
326 3057 376 3117 alii
388 3055 483 3134 Trojae
494 3075 635 3135 proceres:
658 3054 717 3132 ipse
730 3053 845 3131 agmine
859 3053 947 3115 Pallas

242 3160 277 3217 In
291 3159 397 3227 medio,
416 3159 568 3235 chlamyde
581 3167 610 3215 et
622 3157 706 3232 pictis
719 3153 883 3231 conspeuus
895 3156 927 3215 in
940 3156 1042 3221 armisr

243 3262 356 3332 Qualis,
375 3261 427 3331 ubi
440 3261 552 3319 Oceani
564 3258 697 3337 perfusus
710 3256 827 3317 Lucifer
839 3260 924 3332 undl,
1026 3294 1030 3305 ·
