2509 3875
216 340 335 400 mon
482 396 485 399 ,
514 341 612 400 Lm.
651 341 721 402 vn.
964 323 1026 410 117'

218 497 265 553 Ira
279 483 381 573 super:¹
397 515 504 574 magno
516 497 606 556 veluti
618 517 711 574 quum
723 496 840 554 flamma
852 493 952 554 sonore

217 599 324 675 Virgea
338 599 503 676 suggeritur
513 599 743 682 costis-undantis
754 598 829 666 aeni,

216 701 428 777 Exsultantque
440 703 508 760 aeflu
517 703 634 773 latices3
656 701 729 760 furit
741 699 819 758 intus
833 699 917 774 aquai

217 803 364 871 Fumidus,
384 794 471 879 atque
483 806 542 862 alte
554 804 661 881 spumis
674 806 821 871 exuberat,
842 801 951 874 amnis;

216 906 282 962 Nec
290 904 352 981 jam
365 906 394 963 se
413 907 492 982 capit
503 909 590 975 unda,
609 906 686 964 volat
701 925 788 982 vapor
799 915 861 962 ater
875 905 912 961 ad
924 923 1014 964 auras.

217 1009 295 1084 Ergo
307 1008 364 1064 iter
376 1009 411 1065 ad
425 1027 533 1084 regem,
553 1009 664 1084 polluta
676 1027 754 1084 pace,
775 1007 913 1065 Latinum

215 1109 324 1166 Indicit
336 1109 436 1186 primis
444 1109 594 1186 juvenum,
614 1120 644 1167 et
653 1108 738 1186 jubet
751 1129 828 1166 arma
841 1109 950 1185 parari,

215 1211 318 1269 Tutari
332 1213 456 1280 ltaliam,
475 1214 625 1270 detrudere
639 1212 744 1270 finibus
757 1212 882 1268 hostem:
953 1192 958 1200 ’

216 1315 251 1370 Se
264 1313 330 1371 satis
342 1317 490 1382 ambobus,
507 1315 684 1390 Teucrisque
696 1315 802 1383 venire,
824 1313 1000 1390 Latinisque.

214 1417 288 1474 Haec
301 1417 352 1474 ubi
364 1417 438 1476 dieta
451 1419 539 1487 dedit,
560 1419 697 1492 divosque
710 1417 742 1474 in
752 1427 817 1474 vota
831 1417 953 1490 vocavit,

215 1519 357 1576 Certatim
371 1519 429 1576 sese
442 1520 543 1576 Rutuli
555 1520 743 1577 exhortantur
756 1519 786 1576 in
798 1537 886 1576 arma.

215 1623 305 1679 Hunc
318 1605 403 1679 decus
416 1623 564 1699 egregium
577 1623 678 1680 sormae
691 1632 796 1690 movet,
814 1633 899 1698 atque
908 1623 1011 1700 juven-

294 1733 331 1779 tae
338 1747 348 1793 ;

216 1825 305 1882 Hunc
318 1825 394 1884 atavi
407 1845 487 1903 reges
495 1853 504 1898 3
526 1827 604 1884 hunc
617 1826 700 1884 claris
713 1827 828 1886 dextera
841 1827 933 1887 fadis.

253 1929 334 1986 Dum
346 1930 462 1987 ‘llimus
476 1929 602 1987 Rutulos
609 1927 713 1987 animis
727 1929 881 1987 audacibus
896 1930 998 2007 inplet,

213 2032 327 2089 Alletto
338 2032 370 2089 in
383 2034 509 2089 Teucros
523 2030 629 2108 Stygiis
644 2031 672 2093 se
685 2032 812 2088 concitat
824 2032 875 2089 alis

212 2138 287 2193 Arte
300 2137 386 2206 novin
409 2134 553 2213 speculata
566 2136 671 2202 locum,
692 2154 750 2211 quo
763 2134 846 2192 litore
858 2134 979 2211 pulcher

213 2237 334 2304 Insidiis,
354 2238 505 2313 cursuque,
525 2238 599 2295 feras
612 2236 740 2313 agitabat
754 2238 842 2296 Iulus.
1038 2226 1040 2235 ¹

212 2341 271 2398 Hic
284 2340 408 2398 subitam
422 2340 540 2397 canibus
556 2339 665 2396 rabiem
678 2339 799 2415 Cocytia
812 2337 894 2415 virgo

211 2442 331 2520 Objicit,
351 2454 382 2499 et
395 2451 465 2499 noto
477 2441 552 2499 naris
564 2442 710 2517 contingit
722 2442 817 2509 odore,

211 2546 254 2603 Ut
268 2564 384 2603 cervum
396 2546 527 2601 ardentes
543 2554 672 2620 agerent:
696 2564 760 2619 quae
773 2544 863 2619 prima
876 2546 1007 2605 laborum

60 2659 195 2746 ζ’*
211 2648 314 2705 Caussa
327 2648 394 2714 fuit,
414 2646 546 2721 belloque
559 2646 669 2703 animos
682 2646 813 2703 adcendit
827 2647 950 2722 agrestis.

250 2750 359 2805 Cervus
368 2758 438 2817 erat,
448 2748 540 2804 forma
549 2747 701 2824 praestanti,
712 2756 741 2804 et
752 2747 886 2804 cornibus
895 2748 1006 2823 ingens,

210 2849 361 2927 Tyrrhidae
373 2850 455 2925 pueri
468 2868 556 2924 quem
568 2850 667 2906 matris
680 2852 716 2907 ab
730 2852 816 2906 ubere
829 2858 943 2925 raptum

210 2951 379 3022 Nutribant,
392 2951 596 3027 Tyrrhcusque
608 2961 698 3027 pater,
719 2951 766 3007 cui
780 2951 858 3025 regia
872 2958 973 3025 parent
1033 2968 1036 2977 ·

209 3056 361 3121 Armenta,
381 3064 411 3110 et
423 3054 481 3110 late
494 3053 619 3117 custodia
634 3053 741 3109 credita
754 3050 858 3125 campi.

209 3154 371 3214 Adsuetum
384 3156 512 3231 imperiis
525 3155 602 3212 soror
614 3154 695 3211 omni
709 3153 795 3210 Silvia
808 3154 877 3208 curt

209 3258 349 3317 Mollibus
361 3257 494 3316 intexens
506 3257 626 3314 omabat
640 3274 747 3313 cornua
758 3252 850 3321 'sertis
