2509 3875
211 345 321 408 v.77s.
408 288 413 295 ⁸
495 336 621 399 eru.
660 340 699 399 x.
731 324 735 333 '
951 301 1013 402 '223

213 492 372 571 Egregium
385 494 528 553 An'tor'em
540 496 615 557 latus
627 498 714 565 inter,
733 504 763 555 ct
776 494 835 565 ilia,
855 491 935 571 figit:
1004 498 1007 505 '

213 598 349 657 Herculis
361 600 493 657 Antoren
507 601 659 671 comitem3
680 601 741 677 qui,
760 600 857 657 missus
869 601 907 655 ab
919 594 1017 683 Argia,

215 700 346 761 Haeserat
359 696 501 774 Evandro,
522 713 609 779 atque
620 704 694 761 nan
706 702 871 761 consederat
882 702 964 758 urbe.

214 905 359 982 Adspicit,
380 912 410 964 et
423 904 514 966 dulcis
527 909 653 969 moriens
667 908 860 969 reminiscitur
872 909 977 984 Argos.

106 996 108 1001 ¹
214 1009 293 1067 Tum
306 1009 372 1086 piut
384 1006 494 1069 AEneas
506 1012 614 1071 hastam
622 1011 708 1088 jacit:
730 1012 779 1070 illa
792 1030 843 1089 per
854 1012 963 1079 orbem,

214 1112 289 1170 AEre
302 1126 406 1171 curum
419 1112 536 1191 triplici,
555 1134 606 1191 per
618 1114 695 1173 linea
710 1124 798 1190 terga,
818 1113 966 1199 tribusque

214 1209 343 1272 Transiit
355 1210 501 1275 intentum
516 1217 603 1274 tauris
614 1237 695 1294 opus,
715 1217 832 1292 imaque
844 1214 918 1273 sedit
960 1278 964 1287 ¹

216 1314 341 1394 inguine
349 1342 358 1389 ς
380 1318 427 1376 sed
442 1318 514 1377 vires
527 1318 603 1377 haud
616 1320 745 1397 pertulit.
785 1318 875 1377 Ocius
887 1314 984 1375 ensem

214 1418 334 1488 ΕΜ,
354 1419 414 1477 viso
426 1421 570 1496 Tyrrheni
583 1421 723 1497 sanguiue
736 1423 827 1492 laetus,
902 1465 907 1481 1

205 1500 311 1597 'Rupit
324 1541 340 1577 a
353 1521 472 1591 semiue,
492 1532 522 1579 et
539 1522 692 1598 trepidanti
705 1523 831 1581 fervidus
844 1524 936 1581 instat.

256 1614 404 1697 Ingemuit
416 1612 473 1680 cari
486 1622 612 1699 graviter
623 1626 761 1701 genitoris
774 1644 879 1695 amore,

216 1713 261 1780 Ut
273 1722 356 1791 vidit,
378 1723 501 1795 Lausum
521 1726 703 1802 lacrimaeque
716 1744 826 1803 perora
838 1727 952 1785 volutae.

217 1816 277 1883 Hic
290 1825 390 1883 mortis
403 1826 481 1883 dune
494 1827 600 1895 casum,
621 1838 727 1903 tuaque
740 1839 857 1905 optuma
871 1829 955 1898 sabla,

218 1928 247 1988 Si
260 1948 316 2006 qua
329 1927 418 1987 fidem
431 1939 512 1990 tauto
525 1930 566 1989 est
577 1930 657 2008 operi
670 1930 760 1990 latura
775 1931 906 2004 vetustas,

217 2032 288 2091 Non
302 2031 445 2108 equidem,
465 2051 519 2092 nec
532 2043 570 2103 te,
580 2031 695 2110 juvenis
708 2035 902 2103 memorande,
920 2033 1018 2095 silebo.

216 2135 279 2205 Ille,
300 2136 404 2212 pedem
417 2135 552 2205 reserens,
571 2147 601 2194 et
613 2135 735 2207 inutilis,
755 2137 843 2212 inque
855 2137 971 2212 ligatus,

217 2239 361 2309 Cedebat;
383 2239 532 2315 clipeoque
544 2239 696 2297 inimicum
711 2239 811 2297 hastile
824 2239 965 2319 trahebat.

217 2341 349 2418 Prorupit
357 2340 481 2418 juvenis,
501 2341 616 2418 seseque
629 2342 777 2400 inmiscuit
790 2342 891 2412 arruist

217 2445 349 2522 Jirrique,
370 2443 547 2521 adsurgentis
560 2445 670 2515 dextra,
690 2445 864 2523 plagamque
877 2445 1005 2517 serentis,

217 2547 323 2604 AEneae
335 2546 423 2604 subiit
436 2565 611 2617 mucronem,
632 2546 785 2624 ipsumque
802 2551 941 2609 morando

220 2649 377 2720 Sustinuit3
399 2649 468 2707 socii
480 2668 587 2726 magno
599 2650 723 2708 clamore
736 2651 905 2728 sequuntur,

219 2749 298 2808 Dum
313 2753 436 2828 genitor,
456 2751 517 2818 uati
531 2752 630 2828 parmi
642 2753 795 2828 protessus,
816 2753 921 2823 abiret3
998 2831 1001 2837 1

218 2853 348 2929 Telaque
361 2853 529 2930 conjiciunt,
545 2855 772 2931 proturbantque
784 2855 897 2912 eminus
910 2854 1019 2915 bostem

219 2955 382 3014 Miffilibus.
422 2955 504 3019 Furit
515 2955 635 3026 AEneas,
657 2955 804 3032 testorque
817 2965 896 3014 tenet
910 2955 947 3014 se.

219 3061 265 3118 Ac
279 3059 367 3129 velut,
387 3057 478 3118 effusi
491 3059 510 3116 fi
525 3060 641 3135 quando
654 3057 794 3132 grandine
808 3057 902 3116 nimbi

219 3161 411 3238 Praecipitant,
430 3161 524 3219 omnis
536 3159 645 3237 campis
657 3158 777 3235 diffugit
789 3169 891 3230 arator,

219 3263 367 3324 Omniiet
380 3262 520 3341 agricola;
542 3245 572 3321 et
584 3248 649 3320 tuti
661 3261 733 3320 latet
745 3279 809 3320 arce
820 3262 923 3350 uiator,
