2509 3875
222 321 259 385 1.2
479 311 755 380 Auernos,
907 317 1015 382 v.277‚

218 466 349 525 Mortalis
360 466 435 525 visne
448 467 543 526 medio
555 468 683 526 sermone
696 466 822 542 reliquit,

217 569 256 627 Et
268 568 366 645 procul
380 568 410 625 in
425 578 540 627 tenuem
552 588 589 627 ex
601 569 692 627 oculis
704 568 822 627 evanuit
834 587 941 627 auram.

257 674 301 729 At
313 688 379 729 vero
392 672 501 729 AEncas
514 671 645 748 adspectu
658 671 805 729 obmutuit
817 690 924 738 amens,
1008 712 1011 715 ψ

219 772 407 847 Adredtoeque
420 773 534 831 horrore
546 792 645 843 comae,
658 782 688 831 et
698 792 755 831 vor
767 772 898 831 saucibus
910 772 998 830 haesit.

218 875 312 933 Ardet
324 873 403 933 abire
415 874 495 953 fugi,
515 874 662 950 dulcisque
673 875 833 950 relinquere
846 884 950 943 terras;

219 977 376 1035 Adtonitus
390 986 470 1035 tanto
485 978 607 1045 monitu,
627 976 813 1053 imperioque,
833 977 961 1035 deorum.

220 1078 301 1135 Heu!
324 1077 398 1154 quid¹
413 1081 496 1155 agat?
518 1098 575 1153 quo
593 1097 671 1138 nunc
688 1078 818 1155 reginam
838 1077 947 1135 ambire
967 1077 1016 1135 fu-

298 1188 409 1251 rentem

220 1282 337 1339 Audeat
350 1281 464 1353 adfatu?
486 1299 550 1357 quae
562 1280 654 1357 prima
668 1281 784 1339 exordia
797 1280 906 1341 sumat?

220 1385 319 1457 Atque
338 1382 466 1442 animum
486 1402 566 1441 nunc
586 1384 644 1441 huc
663 1384 794 1453 celerem,
813 1402 891 1441 nuuc
911 1382 1020 1452 dividit

298 1484 378 1553 illuc,

222 1587 256 1643 In
269 1587 412 1663 partisque
424 1568 498 1663 rapit
511 1586 610 1655 turias,
630 1606 737 1663 perque
753 1585 850 1646 omnia
863 1583 962 1644 v'ersat.

222 1689 294 1746 Haec
307 1689 459 1747 alternanti
472 1688 567 1765 potior
579 1688 719 1747 sententia
733 1688 792 1747 visa
804 1689 858 1747 est:
976 1682 979 1687 ’

222 1789 381 1859 Mnesthea,
400 1790 615 1867 Sergestumque
626 1799 716 1861 vocat,
736 1791 897 1865 fortemque
910 1790 1018 1860 Cloanff

303 1891 397 1964 thum,

223 1995 346 2053 Classem
359 2004 457 2072 aptent
470 1995 559 2064 taciti,
579 1995 667 2054 socios
681 1996 717 2052 ad
730 1995 813 2054 litora
825 2005 945 2072 cogant3

223 2099 314 2155 Arma
327 2107 435 2174 parent,
457 2107 495 2166 et,
514 2115 579 2172 quae
593 2097 626 2154 fit
639 2099 722 2154 rebus
735 2096 826 2155 caussa
839 2095 987 2165 novandis,

223 2197 421 2270 Diffimulcnt;
443 2198 500 2256 sese
513 2199 631 2268 interea,
651 2199 766 2273 quando
778 2198 888 2274 optima
901 2198 978 2256 Dido
1013 2264 1016 2269 y

164 2295 167 2300 ’
223 2300 349 2368 Nesciat,
368 2309 397 2356 et
411 2309 504 2358 tantos
517 2299 611 2376 rumpi
623 2319 682 2357 uon
695 2299 787 2376 speret
799 2319 917 2367 amores,

223 2403 416 2459 Tentaturum
430 2401 531 2472 adituS‚
551 2411 581 2460 et
593 2421 657 2478 quae
670 2401 829 2459 mollissima
843 2400 923 2458 fandi
1028 2395 1032 2399 ’

224 2503 378 2580 Tempora3
399 2503 462 2578 quis
474 2505 557 2560 rebus
570 2505 671 2561 dexter
684 2505 793 2562 modus.
819 2503 909 2562 Ocius
919 2522 1019 2562 omnee

225 2604 351 2681 Imperio
363 2605 422 2662 laeti
435 2615 543 2682 parent,
564 2625 597 2663 ac
606 2603 679 2681 jussa
692 2605 840 2662 facessunt.
1012 2668 1016 2672 Α

264 2707 306 2766 At
320 2706 419 2784 regina
430 2707 509 2764 dolos
524 2707 600 2782 (quis
613 2707 714 2764 fallere
725 2707 809 2784 poffit
821 2715 965 2768 amantem
973 2707 998 2780 ?)

225 2810 377 2878 Praesenstt,
397 2817 548 2886 motusque
560 2809 674 2885 excepit
685 2809 777 2892 prima
789 2807 902 2865 futuros
909 2832 919 2878 3

225 2911 333 2970 Omnia
347 2921 410 2990 tuta
422 2911 535 2970 timens.
575 2911 684 2968 Eadem
697 2909 774 2986 inpia
788 2910 865 2968 sama
877 2908 988 2967 furenti

225 3015 338 3072 Detulit
352 3014 454 3072 armari
466 3011 588 3080 classem,
608 3011 777 3087 cursumque
790 3012 893 3088 parari,

225 3115 320 3184 Saevit,
332 3116 414 3192 inops
428 3115 517 3174 animi
521 3139 530 3186 3
546 3121 694 3188 totamque
704 3113 817 3170 incensa
829 3131 880 3188 per
890 3115 992 3172 urbem

225 3218 393 3287 Bacchatur,
413 3216 515 3292 qualis,
535 3215 677 3276 conmotis
689 3214 787 3272 exeita
801 3213 892 3284 sacris,

1154 581 1158 744 i

1156 759 1158 806 i

1158 847 1159 888 i

1159 935 1160 964 t
