2509 3875
244 340 302 407 298
502 336 778 407 AENEIDOS,
939 347 1055 416 v.859

243 488 379 559 Stridens,
399 498 428 549 et
441 492 540 551 celeria
552 492 700 571 incognita
713 490 836 551 tranfilit
846 494 975 555 umbrae.

244 591 324 649 Talis
337 592 365 651 se
378 592 436 651 sata
451 594 544 653 Neue
558 596 632 664 tulit,
654 606 799 672 terraeque
810 595 925 672 petivit.

284 694 345 753 Post
353 714 441 771 quam
449 696 523 755 acies
530 696 607 755 videt
615 696 717 755 iliam
724 706 811 773 atque
818 697 1051 773 agminalium,

244 796 333 855 Alitis
346 796 375 855 in
390 816 482 874 parve
495 797 619 857 suhitam
631 799 759 858 melodia
771 798 905 875 figuram,

246 898 322 959 Quae
335 899 480 975 quondam
493 899 524 957 in
538 900 635 969 bustis,
654 910 705 959 ant
719 900 895 958 culminibus
906 900 1028 959 desertis

246 999 341 1058 Nodie
353 1000 461 1068 sedent,
482 1000 574 1059 serum
588 1000 668 1061 cauit
682 1001 835 1079 inportuna
848 1020 901 1078 per
911 1004 1049 1074 umbraa;

245 1102 331 1161 Hanc
344 1102 421 1161 versa
434 1102 465 1161 in
478 1102 594 1172 facient,
605 1104 700 1163 Turni
712 1103 741 1161 se
754 1103 838 1181 pestis
850 1106 889 1163 ob
900 1123 951 1163 ora

245 1204 377 1280 Fertque,
394 1205 546 1282 refertque,
564 1203 680 1278 sonans3
700 1206 883 1283 clipeumque
897 1210 1051 1266 everberat

323 1305 385 1365 alie.
1028 1326 1033 1330 ·

244 1406 292 1467 Illi
305 1410 433 1469 membra
446 1428 536 1469 novur
548 1409 632 1468 solvit
644 1408 799 1469 formidine
812 1418 921 1485 torpor3
1020 1462 1026 1470 .

244 1510 432 1587 Adreeeeque
445 1511 559 1569 horrore
572 1530 672 1580 coma,
691 1523 721 1570 et
733 1531 788 1570 vox
802 1512 934 1571 faucibus
952 1513 1049 1573 haefir.

245 1616 296 1681 At,
316 1614 415 1690 procul
427 1624 462 1671 ut
474 1614 552 1671 Dirae
565 1613 712 1672 stridorem
727 1614 875 1690 adgnovit,
894 1624 924 1671 et
936 1615 1008 1685 alas,

245 1716 351 1775 Infelix
365 1715 450 1774 crinis
463 1714 568 1775 scindit
581 1716 704 1792 Juturna
718 1715 833 1784 solutos,

245 1818 400 1895 Unguibus
413 1836 461 1877 ora
475 1818 550 1875 soror
563 1816 683 1885 fundans,
702 1827 733 1875 et
745 1818 859 1894 petitura
869 1818 990 1895 pugnis:

245 1921 327 1980 Quid
340 1941 418 1980 nunc
431 1931 458 1980 te
473 1930 531 1990 tua,
544 1921 653 1988 Turne,
671 1921 763 1996 potest
779 1939 913 2001 germana
923 1919 1049 1997 juvare?

243 2025 307 2083 Aut
320 2023 388 2100 quid
397 2023 457 2100 jam
471 2023 549 2080 durae
562 2021 675 2098 superat
690 2021 783 2084 mihi?
808 2024 865 2098 qud
879 2022 933 2080 tibi
947 2023 1051 2086 lucem
1161 2078 1163 2093 ,

244 2128 317 2185 Arte
329 2129 438 2184 morer?
460 2125 537 2186 talin·
551 2123 661 2200 potrum
673 2141 720 2182 me
732 2142 877 2200 opponere
889 2126 1034 2186 monstro?

244 2229 309 2305 Jam
318 2226 378 2304 jam
392 2227 493 2302 linquo
506 2224 589 2284 acies.
630 2225 679 2283 Ne
691 2243 738 2282 me
750 2234 855 2284 terrete
868 2225 1033 2300 timentem,

244 2331 383 2390 Obscenae
394 2331 535 2399 volucres3
558 2329 666 2387 alarum
679 2330 795 2386 verbera
808 2329 902 2400 nosco,

244 2433 429 2507 Letalemque
439 2433 557 2502 ionum5
579 2449 633 2488 nec
645 2431 751 2488 fallunt
759 2429 833 2507 jutia
846 2431 965 2509 superba

243 2535 427 2612 Magnanimi
441 2535 528 2612 Jovis.
564 2536 636 2592 Haec
649 2552 701 2608 pro
714 2534 880 2610 virginitate
893 2538 1024 2614 reponit!

246 2645 315 2699 (duo
329 2638 354 2698 vi
360 2649 417 2697 tam
432 2637 511 2696 dedit
526 2640 680 2695 aetcrnam?
701 2657 752 2696 cur
764 2639 865 2696 mortis
878 2641 991 2699 ademta
1005 2643 1049 2701 est

245 2743 399 2804 Conditio?
420 2741 526 2819 poffem
540 2750 634 2798 tantos
647 2740 731 2798 finire
743 2741 853 2800 dolores

246 2851 277 2907 N
280 2867 335 2907 unc
349 2857 434 2915 certe,
448 2857 477 2904 et
488 2844 590 2903 misero
604 2843 686 2900 fratri
699 2863 793 2902 comes
806 2845 847 2902 ire
856 2863 907 2922 per
916 2849 1045 2908 umbrae.

244 2951 406 3010 inmortalis
427 2951 498 3026 egoi
519 2956 570 3005 aut
587 2947 750 3023 quidquam
764 2948 839 3008 mihi
857 2949 942 3009 dulce
960 2969 1047 3010 meo.

321 3073 386 3111 rum

242 3157 285 3212 Te
300 3157 365 3223 fine,
385 3156 482 3223 frater,
502 3155 573 3210 erit?
603 3151 631 3209 O
644 3171 708 3226 quae
723 3152 790 3210 satis
802 3154 860 3212 alta
873 3147 1002 3213 dehiscat

255 3257 327 3311 “erra
341 3255 423 3324 mihi,
445 3255 602 3328 Manisque
612 3254 693 3312 deam
708 3255 842 3314 demittat
855 3257 892 3313 ad
905 3256 999 3316 imos!
1014 3309 1017 3313 .
