2509 3875
257 314 314 375 136
512 313 791 382 AENEIDOS,
940 329 968 370 v.
985 319 1051 368 122.

255 469 397 546 Egredere
409 469 441 527 o!
461 468 638 546 quicumque
654 488 692 539 es,
713 468 763 542 ait,
783 485 936 543 coramque
950 483 1053 543 pareu-

335 579 395 628 tem

255 672 431 748 Adloquere,
451 691 485 730 ac
497 673 597 732 nothis
608 672 729 732 succede
744 672 895 749 penatibus
907 669 1021 747 hospes:

257 774 435 852 Excepitque
447 793 545 842 manu,
565 776 751 850 dextramque
765 774 914 851 amplexus
930 771 1053 830 inhaefit.
1176 799 1177 808 ¹

257 877 394 954 Progredi
408 876 619 944 subeuntium,
638 875 816 952 fluviumque
828 875 1006 950 relinquunt.

295 981 375 1037 Tum
386 997 485 1056 regem
496 979 607 1036 AEneas
619 978 701 1036 dietis
713 979 827 1044 adfatur
842 976 954 1036 amicis:

258 1082 387 1158 Optume
400 1081 609 1157 Graiugenum,
627 1079 676 1138 cui
688 1097 735 1137 me
750 1079 874 1137 Fortuna
886 1077 1005 1155 precari,

258 1185 297 1241 Et
308 1183 382 1242 vitta
395 1191 503 1240 oomtos
516 1182 607 1240 voluit
619 1183 796 1259 praetendere
808 1200 914 1252 ramum

258 1285 329 1344 Non
346 1284 481 1360 equidem
499 1284 633 1354 extimui,
652 1284 787 1342 Danaum
802 1284 879 1358 quod
897 1283 1005 1352 dudor,
1025 1289 1056 1340 et

338 1387 439 1454 Areae,

261 1488 407 1563 Quodque
418 1489 456 1545 ab
468 1487 552 1565 stirpe
569 1487 642 1546 sores
661 1486 783 1564 geminis
796 1484 962 1564 eonjundtus
976 1485 1056 1542 Atri-

245 1627 247 1631 .
338 1588 383 1646 dis
387 1613 397 1660 3
845 1643 848 1648 .

262 1693 316 1750 Sed
329 1709 393 1750 mea
406 1709 454 1748 me
466 1689 564 1760 virtue
583 1699 614 1748 et
625 1690 720 1750 sanita
733 1690 847 1750 oracula
859 1690 966 1760 divom,

262 1792 446 1870 cognatique
456 1803 560 1869 patres,
580 1802 630 1849 tua
644 1791 724 1850 terrn
737 1792 828 1864 didita
841 1793 929 1863 fama,

263 1893 446 1973 Conjunxeoe
459 1895 523 1965 tibi,
542 1904 572 1953 et
582 1894 649 1955 fatis
662 1913 747 1973 egere
758 1895 912 1955 volentem.

263 1998 423 2069 Dardanus,
442 1998 537 2055 Iliaeae
548 1998 657 2074 primus
669 2007 751 2075 pater
762 1999 848 2069 urbis,
868 2008 898 2057 et
911 1996 1017 2067 audior,

232 2079 235 2089 ’
263 2100 385 2169 Eledri,
403 2109 437 2157 ut
449 2098 531 2157 Graii
542 2099 704 2176 perhibent,
725 2100 874 2159 Atlantide
887 2110 990 2171 cretus,

263 2202 428 2260 Advehitur
439 2201 579 2272 Teucros3
600 2200 741 2259 Eledtram
754 2222 904 2279 maxumus
913 2203 1000 2264 Atlas

263 2302 372 2371 Edidit,
392 2301 523 2359 aetherios
535 2301 654 2359 humero
667 2302 718 2379 qui
731 2302 851 2363 sustinet
864 2304 950 2363 orbis.

264 2402 355 2461 Vobis
367 2402 528 2461 Mercurius
540 2412 620 2479 pater
632 2404 680 2475 est,
700 2424 787 2481 quem
799 2406 918 2465 candida
931 2404 1019 2479 Maia,

266 2505 396 2582 Cyllenae
408 2504 503 2581 gelido
516 2515 687 2583 conceptum
700 2508 816 2579 vertice,
835 2509 927 2581 fudit5

266 2609 309 2666 At
321 2607 442 2677 Maiam,
461 2606 567 2664 auditio
578 2608 600 2665 fi
613 2609 770 2684 quidquam
782 2610 932 2681 credimus,
946 2610 1039 2680 Atlas,
1142 2636 1150 2648 ’
1174 2566 1181 2635 i

266 2709 349 2768 Idem
361 2708 444 2767 Atlas
456 2718 581 2785 generat,
601 2711 666 2767 coeli
679 2710 730 2787 qui
747 2712 833 2770 fidera
847 2714 931 2771 tollit.

267 2813 314 2873 Sic
327 2832 417 2890 genua
429 2813 579 2870 amborum
590 2812 694 2871 scindit
707 2814 735 2872 se
747 2814 884 2893 sanguitm
896 2818 933 2875 ab
947 2836 1014 2875 uno.
1070 2842 1076 2849 ·

268 2917 324 2974 His
336 2916 434 2985 fretus,
454 2932 513 2971 uon
525 2914 644 2990 legatos,
663 2935 755 2992 neque
765 2918 857 2994 prima
870 2938 921 2994 per
931 2928 1021 2977 artem

267 3018 459 3077 Tentamenta
473 3016 516 3073 tui
528 3017 639 3094 pepigi:
661 3037 717 3089 me,
737 3038 785 3077 me
796 3019 865 3096 ipse,
886 3038 1039 3096 meumque

268 3118 372 3195 Objeei
383 3130 480 3197 caput,
498 3129 528 3177 et
540 3119 660 3196 supplex
672 3120 709 3178 ad
720 3121 821 3179 limina
833 3123 909 3181 veui.

270 3222 347 3280 Gens
360 3224 469 3291 eadem,
488 3241 552 3297 quae
565 3230 603 3293 te„
622 3222 732 3281 crudeli
744 3223 859 3283 Daunia
873 3225 948 3283 bello
1061 3272 1067 3279 .
