2509 3875
193 370 221 412 v.
233 353 282 426 96.
494 356 592 415 LIB.
632 355 685 421 IX.
837 399 840 402 -
937 354 993 413 1'65

193 510 245 567 Fas
257 509 382 567 habeant
386 534 395 581 3
417 524 568 587 certusque
580 512 690 569 inoerta
702 510 828 589 pericula
840 509 939 569 lustret

192 613 318 670 AEncas?
340 612 398 670 Cui
412 621 491 671 tanta
504 615 557 671 deo
570 615 702 691 permiffa
715 615 853 691 potestas?

191 716 295 785 Immo,
311 714 361 771 ubi
375 714 516 772 defundiae
529 716 626 787 finem,
647 727 802 792 portusque
813 718 955 774 tenebunt

192 815 344 883 Ausonios,
364 816 444 885 olim,
465 836 653 893 quaecumque
666 817 785 875 evaserit
796 818 897 887 undas,

193 917 428 993 Dardaniumque
441 918 544 975 ducem
557 920 712 977 Laurentia
723 918 834 978 vexerit
846 938 924 990 arva,
967 960 970 965 -

193 1020 349 1078 Mortalem
361 1020 481 1097 eripiam
494 1020 625 1093 formam,
646 1008 801 1099 magnique
810 1022 920 1099 jubebo
1022 1000 1027 1008 ¹

193 1122 332 1197 AEquoris
346 1121 402 1179 effe
415 1123 496 1180 deas:
518 1123 611 1199 qualis
624 1124 730 1182 Nereia
744 1125 823 1181 Doto

194 1224 232 1281 Et
244 1225 362 1282 Galatea
376 1223 472 1283 secant
485 1224 664 1301 spumantem
677 1226 789 1302 pectore
800 1235 934 1302 pontum.
957 1245 959 1248 ·

194 1326 315 1384 Dixerat
319 1351 328 1396 3
350 1327 437 1403 idque
448 1337 552 1395 ratum,
573 1327 667 1403 Stygii
679 1347 730 1403 per
741 1327 863 1384 flumina
875 1327 979 1397 fratris,

194 1430 247 1487 Per
258 1428 323 1504 pice
338 1428 479 1497 torrentis,
499 1429 616 1504 atraque
629 1429 773 1504 voragine,
792 1428 876 1505 ripas,

194 1531 324 1599 Adnuit,
338 1540 367 1587 et
381 1538 475 1587 totum
488 1540 560 1587 nutu
574 1530 735 1587 tremefecit
747 1517 917 1606 Olympum.

235 1632 311 1707 Ergo
324 1631 420 1688 aderat
432 1631 563 1707 promiffa
577 1632 647 1702 dies,
667 1642 697 1688 et
711 1641 837 1707 tempora
850 1632 945 1688 Parcae

195 1732 303 1791 Debita
317 1733 495 1810 conplerant;
516 1752 607 1809 quum
619 1733 712 1791 Turni
727 1732 831 1809 injuria
844 1734 972 1791 Matrem

196 1834 359 1893 Admonuit
372 1836 478 1892 ratibus
492 1834 575 1893 sacris
589 1835 728 1911 depellere
742 1835 838 1891 taedas.

174 1995 179 2006 ,
196 1938 255 2000 Hic
268 1937 392 2014 primum
406 1957 478 1995 nova
491 1938 542 1994 lux
555 1937 645 1995 oculis
657 1935 772 2004 offulsrt,
792 1945 821 1993 et
835 1935 936 2012 ingens

195 2039 280 2096 Visus
294 2041 329 2096 ab
342 2039 457 2096 Aurora
470 2039 575 2096 coelum
590 2049 780 2096 transcurrere
793 2037 916 2106 nimbus,

195 2141 323 2216 Idaeique
335 2140 432 2198 chorir
455 2148 518 2196 turn
530 2159 587 2196 vox
601 2139 739 2197 horrenda
752 2157 802 2216 per
815 2156 897 2196 auras

195 2227 324 2313 Excidit,
346 2251 376 2298 et
387 2243 506 2311 Troum,
528 2241 766 2317 Rutulorumque,
787 2240 902 2318 agmina
921 2260 991 2300 con·

150 2323 153 2326 Ι
274 2345 349 2420 piet:
983 2353 987 2359 ’

195 2442 244 2504 Ne
258 2447 399 2524 trepidate
411 2465 497 2515 meas,
517 2445 631 2516 Teucri,
652 2447 803 2505 defendere
816 2446 906 2515 navis,

195 2550 280 2607 Neve
293 2559 401 2607 armate
413 2568 530 2606 manus:
553 2550 641 2606 maria
654 2561 720 2607 ante
733 2569 851 2608 exurere
862 2552 973 2620 Turno,

198 2651 297 2708 Quam
311 2651 399 2708 sacras
412 2651 527 2708 dabitur
539 2631 632 2726 pinus.
672 2653 731 2708 Vos
743 2651 784 2708 ite
796 2651 906 2718 solutae,

197 2753 252 2821 Ite,
266 2751 326 2808 deae
336 2753 445 2830 pelagi,
467 2751 606 2810 Genetrix
615 2752 708 2829 jubet.
741 2754 789 2823 Et,
803 2752 852 2809 sua
862 2768 993 2825 quaque,

197 2854 345 2912 Continuo
356 2873 465 2932 puppes
477 2857 652 2930 abrumpunt
664 2854 778 2911 vincula
791 2851 869 2928 ripis,

195 2955 433 3034 Delphinumque
445 2958 531 3014 modo
544 2956 675 3014 demersas
689 2975 802 3031 aequora
814 2953 908 3011 rostris

191 3059 258 3119 'Ima
271 3067 384 3135 petunt.
424 3059 503 3116 Hinc
515 3059 661 3134 virgineae,
681 3056 811 3133 mirabile
826 3055 993 3127 monstrum,

197 3163 280 3220 Quot
292 3160 370 3237 prius
383 3169 474 3218 aeratae
488 3160 620 3217 steterant
633 3159 667 3215 ad
680 3158 763 3215 litora
776 3175 877 3233 prora,

195 3263 332 3321 Reddunt
345 3262 373 3321 [e
387 3262 508 3321 totidem
520 3262 616 3329 facies,
636 3272 781 3335 pontoque
794 3261 934 3324 feruntur,

279 3594 389 3668 A
