<?xml version="1.0" encoding="UTF-8"?>
<!DOCTYPE html PUBLIC "-//W3C//DTD XHTML 1.0 Transitional//EN"
    "http://www.w3.org/TR/xhtml1/DTD/xhtml1-transitional.dtd">
<html xmlns="http://www.w3.org/1999/xhtml" xml:lang="en" lang="en">
 <head>
  <title>
</title>
<meta http-equiv="Content-Type" content="text/html;charset=utf-8" />
  <meta name='ocr-system' content='tesseract 3.04.00' />
  <meta name='ocr-capabilities' content='ocr_page ocr_carea ocr_par ocr_line ocrx_word'/>
</head>
<body>
  <div class='ocr_page' id='page_1' title='image "./pvirgiliimaroni01wakegoog/pvirgiliimaroni01wakegoog_0157.png"; bbox 0 0 2509 3875; ppageno 0'>
   <div class='ocr_carea' id='block_1_1' title="bbox 168 237 974 307">
    <p class='ocr_par' dir='ltr' id='par_1_1' title="bbox 168 237 974 307">
     <span class='ocr_line' id='line_1_1' title="bbox 168 237 974 307; baseline -0.001 -2"><span class='ocrx_word' id='word_1_1' title='bbox 168 255 279 306; x_wconf 60' lang='lat' dir='ltr'>assae</span> <span class='ocrx_word' id='word_1_2' title='bbox 314 245 575 307; x_wconf 43' lang='grc' dir='ltr'><strong>ἫΙΒ.</strong></span> <span class='ocrx_word' id='word_1_3' title='bbox 599 239 714 307; x_wconf 75' lang='grc' dir='ltr'>’νΙΗζ-</span> <span class='ocrx_word' id='word_1_4' title='bbox 918 237 974 305; x_wconf 73' lang='lat' dir='ltr'>irs</span> 
     </span>
    </p>
   </div>
   <div class='ocr_carea' id='block_1_2' title="bbox 82 401 967 3170">
    <p class='ocr_par' dir='ltr' id='par_1_2' title="bbox 97 401 967 1705">
     <span class='ocr_line' id='line_1_2' title="bbox 97 401 952 483; baseline 0 -21"><span class='ocrx_word' id='word_1_5' title='bbox 97 417 101 421; x_wconf 79' lang='grc'><strong>’</strong></span> <span class='ocrx_word' id='word_1_6' title='bbox 165 404 301 462; x_wconf 87' lang='lat' dir='ltr'>Credunt</span> <span class='ocrx_word' id='word_1_7' title='bbox 313 401 454 462; x_wconf 72' lang='lat' dir='ltr'>se‘vidiffe</span> <span class='ocrx_word' id='word_1_8' title='bbox 465 406 578 483; x_wconf 86' lang='lat' dir='ltr'>Jovem,</span> <span class='ocrx_word' id='word_1_9' title='bbox 598 425 690 481; x_wconf 89' lang='lat' dir='ltr'>quum</span> <span class='ocrx_word' id='word_1_10' title='bbox 703 404 775 482; x_wconf 84' lang='lat' dir='ltr'>saepe</span> <span class='ocrx_word' id='word_1_11' title='bbox 788 403 952 481; x_wconf 84' lang='lat' dir='ltr'>nigrantem</span> 
     </span>
     <span class='ocr_line' id='line_1_3' title="bbox 164 508 882 586; baseline 0.003 -22"><span class='ocrx_word' id='word_1_12' title='bbox 164 508 279 584; x_wconf 86' lang='lat' dir='ltr'>AEgida</span> <span class='ocrx_word' id='word_1_13' title='bbox 292 516 459 566; x_wconf 83' lang='lat' dir='ltr'><strong>concuteret</strong></span> <span class='ocrx_word' id='word_1_14' title='bbox 471 509 581 579; x_wconf 75' lang='lat' dir='ltr'>dextri,</span> <span class='ocrx_word' id='word_1_15' title='bbox 601 510 772 586; x_wconf 88' lang='lat' dir='ltr'>nimbosque</span> <span class='ocrx_word' id='word_1_16' title='bbox 784 510 882 567; x_wconf 85' lang='lat' dir='ltr'><strong>cieret.</strong></span> 
     </span>
     <span class='ocr_line' id='line_1_4' title="bbox 164 612 923 690; baseline 0.003 -22"><span class='ocrx_word' id='word_1_17' title='bbox 164 612 242 669; x_wconf 75' lang='lat' dir='ltr'>Haec</span> <span class='ocrx_word' id='word_1_18' title='bbox 254 612 314 668; x_wconf 92' lang='lat' dir='ltr'>duo</span> <span class='ocrx_word' id='word_1_19' title='bbox 326 621 462 687; x_wconf 87' lang='lat' dir='ltr'>praeterea</span> <span class='ocrx_word' id='word_1_20' title='bbox 475 612 598 690; x_wconf 71' lang='lat' dir='ltr'>disjectis</span> <span class='ocrx_word' id='word_1_21' title='bbox 610 614 716 690; x_wconf 88' lang='lat' dir='ltr'>oppida</span> <span class='ocrx_word' id='word_1_22' title='bbox 728 613 826 683; x_wconf 89' lang='lat' dir='ltr'>muris,</span> <span class='ocrx_word' id='word_1_23' title='bbox 918 677 923 687; x_wconf 40' lang='grc' dir='ltr'>Ι</span> 
     </span>
     <span class='ocr_line' id='line_1_5' title="bbox 109 714 955 792; baseline 0 -20"><span class='ocrx_word' id='word_1_24' title='bbox 109 744 114 760; x_wconf 70' lang='lat'><em>1</em></span> <span class='ocrx_word' id='word_1_25' title='bbox 164 714 316 790; x_wconf 88' lang='lat' dir='ltr'>Reliquias</span> <span class='ocrx_word' id='word_1_26' title='bbox 328 725 517 792; x_wconf 83' lang='lat' dir='ltr'>veterumque</span> <span class='ocrx_word' id='word_1_27' title='bbox 528 717 607 775; x_wconf 87' lang='lat' dir='ltr'>vides</span> <span class='ocrx_word' id='word_1_28' title='bbox 619 727 807 776; x_wconf 89' lang='lat' dir='ltr'>monumenta</span> <span class='ocrx_word' id='word_1_29' title='bbox 820 715 955 774; x_wconf 88' lang='lat' dir='ltr'>virorum.</span> 
     </span>
     <span class='ocr_line' id='line_1_6' title="bbox 164 805 966 895; baseline -0.002 -19"><span class='ocrx_word' id='word_1_30' title='bbox 164 818 254 876; x_wconf 89' lang='lat' dir='ltr'>Hanc</span> <span class='ocrx_word' id='word_1_31' title='bbox 266 819 357 895; x_wconf 90' lang='lat' dir='ltr'>Janus</span> <span class='ocrx_word' id='word_1_32' title='bbox 370 828 458 894; x_wconf 86' lang='lat' dir='ltr'>pater,</span> <span class='ocrx_word' id='word_1_33' title='bbox 472 819 547 877; x_wconf 90' lang='lat' dir='ltr'>hanc</span> <span class='ocrx_word' id='word_1_34' title='bbox 558 805 703 889; x_wconf 83' lang='lat' dir='ltr'>Saturnus,</span> <span class='ocrx_word' id='word_1_35' title='bbox 716 820 845 878; x_wconf 90' lang='lat' dir='ltr'><strong>condidit</strong></span> <span class='ocrx_word' id='word_1_36' title='bbox 858 805 966 878; x_wconf 82' lang='lat' dir='ltr'>arcem:</span> 
     </span>
     <span class='ocr_line' id='line_1_7' title="bbox 164 921 871 1000; baseline 0.003 -20"><span class='ocrx_word' id='word_1_37' title='bbox 164 921 335 1000; x_wconf 89' lang='lat' dir='ltr'>Janiculum</span> <span class='ocrx_word' id='word_1_38' title='bbox 348 921 426 993; x_wconf 89' lang='lat' dir='ltr'>huic,</span> <span class='ocrx_word' id='word_1_39' title='bbox 446 923 492 980; x_wconf 93' lang='lat' dir='ltr'>illi</span> <span class='ocrx_word' id='word_1_40' title='bbox 505 925 598 982; x_wconf 77' lang='lat' dir='ltr'>frierat</span> <span class='ocrx_word' id='word_1_41' title='bbox 611 924 743 982; x_wconf 87' lang='lat' dir='ltr'>Saturnia</span> <span class='ocrx_word' id='word_1_42' title='bbox 756 941 871 982; x_wconf 89' lang='lat' dir='ltr'>nomen.</span> 
     </span>
     <span class='ocr_line' id='line_1_8' title="bbox 114 1024 837 1086; baseline 0.001 -3"><span class='ocrx_word' id='word_1_43' title='bbox 114 1038 116 1043; x_wconf 87' lang='lat'>&#39;</span> <span class='ocrx_word' id='word_1_44' title='bbox 204 1024 328 1083; x_wconf 87' lang='lat' dir='ltr'>Talibus</span> <span class='ocrx_word' id='word_1_45' title='bbox 339 1026 417 1082; x_wconf 89' lang='lat' dir='ltr'>inter</span> <span class='ocrx_word' id='word_1_46' title='bbox 429 1027 458 1085; x_wconf 89' lang='lat' dir='ltr'>se</span> <span class='ocrx_word' id='word_1_47' title='bbox 471 1028 553 1086; x_wconf 72' lang='lat' dir='ltr'>dictis</span> <span class='ocrx_word' id='word_1_48' title='bbox 566 1029 602 1085; x_wconf 91' lang='lat' dir='ltr'>ad</span> <span class='ocrx_word' id='word_1_49' title='bbox 615 1029 690 1086; x_wconf 71' lang='lat' dir='ltr'>testa</span> <span class='ocrx_word' id='word_1_50' title='bbox 703 1028 837 1086; x_wconf 85' lang='lat' dir='ltr'>subibant</span> 
     </span>
     <span class='ocr_line' id='line_1_9' title="bbox 165 1129 930 1208; baseline 0 -20"><span class='ocrx_word' id='word_1_51' title='bbox 165 1129 303 1206; x_wconf 85' lang='lat' dir='ltr'>Pauperis</span> <span class='ocrx_word' id='word_1_52' title='bbox 315 1130 459 1203; x_wconf 82' lang='lat' dir='ltr'>Evandri3</span> <span class='ocrx_word' id='word_1_53' title='bbox 480 1133 638 1208; x_wconf 88' lang='lat' dir='ltr'>paffimque</span> <span class='ocrx_word' id='word_1_54' title='bbox 651 1141 780 1190; x_wconf 87' lang='lat' dir='ltr'>armenta</span> <span class='ocrx_word' id='word_1_55' title='bbox 793 1129 930 1190; x_wconf 84' lang='lat' dir='ltr'>videbant</span> 
     </span>
     <span class='ocr_line' id='line_1_10' title="bbox 165 1234 850 1312; baseline 0 -20"><span class='ocrx_word' id='word_1_56' title='bbox 165 1234 357 1310; x_wconf 84' lang='lat' dir='ltr'>Romanoque</span> <span class='ocrx_word' id='word_1_57' title='bbox 368 1234 440 1304; x_wconf 91' lang='lat' dir='ltr'>soro,</span> <span class='ocrx_word' id='word_1_58' title='bbox 461 1244 492 1292; x_wconf 93' lang='lat' dir='ltr'>et</span> <span class='ocrx_word' id='word_1_59' title='bbox 503 1235 590 1293; x_wconf 86' lang='lat' dir='ltr'>lautis</span> <span class='ocrx_word' id='word_1_60' title='bbox 603 1236 716 1312; x_wconf 91' lang='lat' dir='ltr'>mugire</span> <span class='ocrx_word' id='word_1_61' title='bbox 729 1235 850 1293; x_wconf 77' lang='lat' dir='ltr'>Carinis</span> 
     </span>
     <span class='ocr_line' id='line_1_11' title="bbox 164 1329 959 1415; baseline 0 -19"><span class='ocrx_word' id='word_1_62' title='bbox 164 1338 212 1396; x_wconf 90' lang='lat' dir='ltr'>Ut</span> <span class='ocrx_word' id='word_1_63' title='bbox 224 1346 343 1397; x_wconf 89' lang='lat' dir='ltr'>ventum</span> <span class='ocrx_word' id='word_1_64' title='bbox 357 1340 393 1395; x_wconf 88' lang='lat' dir='ltr'>ad</span> <span class='ocrx_word' id='word_1_65' title='bbox 406 1338 498 1395; x_wconf 87' lang='lat' dir='ltr'>sedes:</span> <span class='ocrx_word' id='word_1_66' title='bbox 521 1340 602 1409; x_wconf 66' lang='lat' dir='ltr'>Haec,</span> <span class='ocrx_word' id='word_1_67' title='bbox 622 1340 728 1415; x_wconf 87' lang='lat' dir='ltr'>inquit,</span> <span class='ocrx_word' id='word_1_68' title='bbox 748 1339 849 1396; x_wconf 89' lang='lat' dir='ltr'>limina</span> <span class='ocrx_word' id='word_1_69' title='bbox 867 1329 959 1398; x_wconf 61' lang='lat' dir='ltr'>vietor*</span> 
     </span>
     <span class='ocr_line' id='line_1_12' title="bbox 166 1440 773 1520; baseline 0.002 -21"><span class='ocrx_word' id='word_1_70' title='bbox 166 1440 285 1499; x_wconf 89' lang='lat' dir='ltr'>Alcides</span> <span class='ocrx_word' id='word_1_71' title='bbox 297 1441 386 1498; x_wconf 88' lang='lat' dir='ltr'>subiit</span> <span class='ocrx_word' id='word_1_72' title='bbox 393 1467 403 1513; x_wconf 79' lang='lat'>3</span> <span class='ocrx_word' id='word_1_73' title='bbox 423 1443 486 1500; x_wconf 80' lang='lat' dir='ltr'>baec</span> <span class='ocrx_word' id='word_1_74' title='bbox 498 1441 583 1500; x_wconf 91' lang='lat' dir='ltr'>illum</span> <span class='ocrx_word' id='word_1_75' title='bbox 595 1443 674 1520; x_wconf 88' lang='lat' dir='ltr'>regia</span> <span class='ocrx_word' id='word_1_76' title='bbox 686 1442 773 1520; x_wconf 88' lang='lat' dir='ltr'>cepit.</span> 
     </span>
     <span class='ocr_line' id='line_1_13' title="bbox 167 1543 967 1623; baseline 0.004 -21"><span class='ocrx_word' id='word_1_77' title='bbox 167 1545 263 1613; x_wconf 86' lang='lat' dir='ltr'>Ande,</span> <span class='ocrx_word' id='word_1_78' title='bbox 276 1543 385 1622; x_wconf 80' lang='lat' dir='ltr'>hospes,</span> <span class='ocrx_word' id='word_1_79' title='bbox 399 1555 584 1604; x_wconf 85' lang='lat' dir='ltr'>contemnere</span> <span class='ocrx_word' id='word_1_80' title='bbox 595 1565 671 1622; x_wconf 91' lang='lat' dir='ltr'>opes,</span> <span class='ocrx_word' id='word_1_81' title='bbox 690 1555 720 1603; x_wconf 88' lang='lat' dir='ltr'>et</span> <span class='ocrx_word' id='word_1_82' title='bbox 733 1556 762 1604; x_wconf 91' lang='lat' dir='ltr'>te</span> <span class='ocrx_word' id='word_1_83' title='bbox 775 1565 889 1623; x_wconf 90' lang='lat' dir='ltr'>quoque</span> <span class='ocrx_word' id='word_1_84' title='bbox 903 1545 967 1622; x_wconf 90' lang='lat' dir='ltr'>dig-</span> 
     </span>
     <span class='ocr_line' id='line_1_14' title="bbox 245 1667 318 1705; baseline 0.014 -1"><span class='ocrx_word' id='word_1_85' title='bbox 245 1667 318 1705; x_wconf 92' lang='lat' dir='ltr'>num</span> 
     </span>
    </p>

    <p class='ocr_par' dir='ltr' id='par_1_3' title="bbox 103 1750 881 2243">
     <span class='ocr_line' id='line_1_15' title="bbox 166 1750 870 1829; baseline 0.003 -19"><span class='ocrx_word' id='word_1_86' title='bbox 166 1750 261 1828; x_wconf 79' lang='lat' dir='ltr'>Finge</span> <span class='ocrx_word' id='word_1_87' title='bbox 273 1752 342 1824; x_wconf 63' lang='grc' dir='ltr'>(ἴσος</span> <span class='ocrx_word' id='word_1_88' title='bbox 363 1755 504 1828; x_wconf 87' lang='lat' dir='ltr'>rebusque</span> <span class='ocrx_word' id='word_1_89' title='bbox 516 1751 584 1812; x_wconf 88' lang='lat' dir='ltr'>veni</span> <span class='ocrx_word' id='word_1_90' title='bbox 598 1772 657 1810; x_wconf 92' lang='lat' dir='ltr'>non</span> <span class='ocrx_word' id='word_1_91' title='bbox 670 1751 750 1829; x_wconf 86' lang='lat' dir='ltr'>asper</span> <span class='ocrx_word' id='word_1_92' title='bbox 762 1752 870 1828; x_wconf 84' lang='lat' dir='ltr'>egenis.</span> 
     </span>
     <span class='ocr_line' id='line_1_16' title="bbox 166 1854 881 1932; baseline -0.001 -19"><span class='ocrx_word' id='word_1_93' title='bbox 166 1854 262 1923; x_wconf 85' lang='lat' dir='ltr'>Dixit,</span> <span class='ocrx_word' id='word_1_94' title='bbox 282 1863 312 1912; x_wconf 91' lang='lat' dir='ltr'>et</span> <span class='ocrx_word' id='word_1_95' title='bbox 324 1855 437 1931; x_wconf 86' lang='lat' dir='ltr'>angusti</span> <span class='ocrx_word' id='word_1_96' title='bbox 450 1855 547 1914; x_wconf 89' lang='lat' dir='ltr'>subter</span> <span class='ocrx_word' id='word_1_97' title='bbox 559 1856 672 1932; x_wconf 84' lang='lat' dir='ltr'>fastigia</span> <span class='ocrx_word' id='word_1_98' title='bbox 685 1856 754 1913; x_wconf 76' lang='lat' dir='ltr'>testi</span> <span class='ocrx_word' id='word_1_99' title='bbox 879 1869 881 1874; x_wconf 85' lang='lat'>·</span> 
     </span>
     <span class='ocr_line' id='line_1_17' title="bbox 103 1957 847 2035; baseline -0.003 -18"><span class='ocrx_word' id='word_1_100' title='bbox 103 1957 106 1961; x_wconf 72' lang='grc'><strong>’</strong></span> <span class='ocrx_word' id='word_1_101' title='bbox 166 1960 322 2035; x_wconf 86' lang='lat' dir='ltr'>Ingentem</span> <span class='ocrx_word' id='word_1_102' title='bbox 333 1960 451 2017; x_wconf 87' lang='lat' dir='ltr'>AEnean</span> <span class='ocrx_word' id='word_1_103' title='bbox 465 1960 559 2030; x_wconf 82' lang='lat' dir='ltr'>duxit,</span> <span class='ocrx_word' id='word_1_104' title='bbox 579 1959 728 2035; x_wconf 83' lang='lat' dir='ltr'>stratisque</span> <span class='ocrx_word' id='word_1_105' title='bbox 741 1957 847 2017; x_wconf 86' lang='lat' dir='ltr'>locavit</span> 
     </span>
     <span class='ocr_line' id='line_1_18' title="bbox 164 2062 811 2141; baseline -0.002 -21"><span class='ocrx_word' id='word_1_106' title='bbox 164 2062 319 2133; x_wconf 86' lang='lat' dir='ltr'>Effultum‚</span> <span class='ocrx_word' id='word_1_107' title='bbox 340 2063 418 2121; x_wconf 91' lang='lat' dir='ltr'>soliis</span> <span class='ocrx_word' id='word_1_108' title='bbox 430 2073 461 2121; x_wconf 89' lang='lat' dir='ltr'>et</span> <span class='ocrx_word' id='word_1_109' title='bbox 473 2064 549 2141; x_wconf 87' lang='lat' dir='ltr'>pelle</span> <span class='ocrx_word' id='word_1_110' title='bbox 562 2063 716 2141; x_wconf 86' lang='lat' dir='ltr'>Libystidis</span> <span class='ocrx_word' id='word_1_111' title='bbox 730 2062 811 2120; x_wconf 87' lang='lat' dir='ltr'>ursae.</span> 
     </span>
     <span class='ocr_line' id='line_1_19' title="bbox 164 2165 877 2243; baseline 0 -18"><span class='ocrx_word' id='word_1_112' title='bbox 164 2167 236 2225; x_wconf 87' lang='lat' dir='ltr'>Nox</span> <span class='ocrx_word' id='word_1_113' title='bbox 248 2166 317 2235; x_wconf 90' lang='lat' dir='ltr'>ruit,</span> <span class='ocrx_word' id='word_1_114' title='bbox 337 2175 367 2223; x_wconf 89' lang='lat' dir='ltr'>et</span> <span class='ocrx_word' id='word_1_115' title='bbox 378 2167 464 2224; x_wconf 84' lang='lat' dir='ltr'>fuscis</span> <span class='ocrx_word' id='word_1_116' title='bbox 477 2167 610 2225; x_wconf 89' lang='lat' dir='ltr'>tellurem</span> <span class='ocrx_word' id='word_1_117' title='bbox 623 2166 805 2243; x_wconf 67' lang='lat' dir='ltr'>ampleetitur</span> <span class='ocrx_word' id='word_1_118' title='bbox 816 2165 877 2225; x_wconf 87' lang='lat' dir='ltr'>alis.</span> 
     </span>
    </p>

    <p class='ocr_par' dir='ltr' id='par_1_4' title="bbox 205 2270 967 2348">
     <span class='ocr_line' id='line_1_20' title="bbox 205 2270 967 2348; baseline 0 -19"><span class='ocrx_word' id='word_1_119' title='bbox 205 2272 250 2329; x_wconf 89' lang='lat' dir='ltr'>At</span> <span class='ocrx_word' id='word_1_120' title='bbox 261 2271 370 2339; x_wconf 91' lang='lat' dir='ltr'>Venus,</span> <span class='ocrx_word' id='word_1_121' title='bbox 389 2271 469 2328; x_wconf 87' lang='lat' dir='ltr'>hand</span> <span class='ocrx_word' id='word_1_122' title='bbox 487 2270 586 2330; x_wconf 88' lang='lat' dir='ltr'>animo</span> <span class='ocrx_word' id='word_1_123' title='bbox 606 2270 802 2348; x_wconf 83' lang='lat' dir='ltr'>nequidquam</span> <span class='ocrx_word' id='word_1_124' title='bbox 822 2270 967 2342; x_wconf 79' lang='lat' dir='ltr'>exterrita,</span> 
     </span>
    </p>

    <p class='ocr_par' dir='ltr' id='par_1_5' title="bbox 82 2383 966 2743">
     <span class='ocr_line' id='line_1_21' title="bbox 283 2383 385 2443; baseline -0.02 -11"><span class='ocrx_word' id='word_1_125' title='bbox 283 2383 385 2443; x_wconf 88' lang='lat' dir='ltr'>mater,</span> 
     </span>
     <span class='ocr_line' id='line_1_22' title="bbox 161 2477 870 2553; baseline 0 -16"><span class='ocrx_word' id='word_1_126' title='bbox 161 2480 403 2553; x_wconf 84' lang='lat' dir='ltr'>Laurentumque</span> <span class='ocrx_word' id='word_1_127' title='bbox 415 2477 502 2535; x_wconf 89' lang='lat' dir='ltr'>minis</span> <span class='ocrx_word' id='word_1_128' title='bbox 514 2487 544 2536; x_wconf 91' lang='lat' dir='ltr'>et</span> <span class='ocrx_word' id='word_1_129' title='bbox 557 2480 629 2537; x_wconf 91' lang='lat' dir='ltr'>duro</span> <span class='ocrx_word' id='word_1_130' title='bbox 642 2487 720 2537; x_wconf 91' lang='lat' dir='ltr'>mota</span> <span class='ocrx_word' id='word_1_131' title='bbox 733 2480 870 2549; x_wconf 90' lang='lat' dir='ltr'>tumultu,</span> 
     </span>
     <span class='ocr_line' id='line_1_23' title="bbox 82 2581 966 2664; baseline 0 -25"><span class='ocrx_word' id='word_1_132' title='bbox 82 2648 94 2664; x_wconf 26' lang='grc' dir='ltr'><strong>ς</strong></span> <span class='ocrx_word' id='word_1_133' title='bbox 164 2582 330 2640; x_wconf 79' lang='lat' dir='ltr'>Volcanum</span> <span class='ocrx_word' id='word_1_134' title='bbox 349 2581 528 2657; x_wconf 84' lang='lat' dir='ltr'>adloquitur;</span> <span class='ocrx_word' id='word_1_135' title='bbox 551 2583 734 2659; x_wconf 82' lang='lat' dir='ltr'>thalamoque</span> <span class='ocrx_word' id='word_1_136' title='bbox 754 2583 816 2642; x_wconf 84' lang='lat' dir='ltr'>haec</span> <span class='ocrx_word' id='word_1_137' title='bbox 828 2582 966 2660; x_wconf 27' lang='lat' dir='ltr'>,conjugis</span> 
     </span>
     <span class='ocr_line' id='line_1_24' title="bbox 283 2704 371 2743; baseline 0 0"><span class='ocrx_word' id='word_1_138' title='bbox 283 2704 371 2743; x_wconf 92' lang='lat' dir='ltr'>aureo</span> 
     </span>
    </p>

    <p class='ocr_par' dir='ltr' id='par_1_6' title="bbox 164 2788 913 3170">
     <span class='ocr_line' id='line_1_25' title="bbox 165 2788 868 2866; baseline -0.004 -19"><span class='ocrx_word' id='word_1_139' title='bbox 165 2788 283 2865; x_wconf 90' lang='lat' dir='ltr'>Incipit,</span> <span class='ocrx_word' id='word_1_140' title='bbox 304 2798 335 2846; x_wconf 93' lang='lat' dir='ltr'>et</span> <span class='ocrx_word' id='word_1_141' title='bbox 347 2789 431 2847; x_wconf 73' lang='lat' dir='ltr'>diuis</span> <span class='ocrx_word' id='word_1_142' title='bbox 444 2789 577 2848; x_wconf 89' lang='lat' dir='ltr'>divinum</span> <span class='ocrx_word' id='word_1_143' title='bbox 589 2788 714 2866; x_wconf 82' lang='lat' dir='ltr'>adspirat</span> <span class='ocrx_word' id='word_1_144' title='bbox 727 2808 868 2847; x_wconf 89' lang='lat' dir='ltr'>amorem:</span> 
     </span>
     <span class='ocr_line' id='line_1_26' title="bbox 164 2893 885 2971; baseline -0.008 -20"><span class='ocrx_word' id='word_1_145' title='bbox 164 2893 249 2951; x_wconf 89' lang='lat' dir='ltr'>Dum</span> <span class='ocrx_word' id='word_1_146' title='bbox 261 2893 338 2951; x_wconf 88' lang='lat' dir='ltr'>bello</span> <span class='ocrx_word' id='word_1_147' title='bbox 351 2894 484 2971; x_wconf 85' lang='lat' dir='ltr'>Argolici</span> <span class='ocrx_word' id='word_1_148' title='bbox 496 2895 643 2952; x_wconf 85' lang='lat' dir='ltr'>vallabant</span> <span class='ocrx_word' id='word_1_149' title='bbox 655 2894 792 2969; x_wconf 88' lang='lat' dir='ltr'>Pergama</span> <span class='ocrx_word' id='word_1_150' title='bbox 805 2908 885 2966; x_wconf 88' lang='lat' dir='ltr'>reges</span> 
     </span>
     <span class='ocr_line' id='line_1_27' title="bbox 165 2980 845 3073; baseline -0.006 -18"><span class='ocrx_word' id='word_1_151' title='bbox 165 2995 286 3065; x_wconf 86' lang='lat' dir='ltr'>Debita,</span> <span class='ocrx_word' id='word_1_152' title='bbox 306 2997 473 3073; x_wconf 86' lang='lat' dir='ltr'>casurasque</span> <span class='ocrx_word' id='word_1_153' title='bbox 485 2981 610 3055; x_wconf 87' lang='lat' dir='ltr'>inimicis</span> <span class='ocrx_word' id='word_1_154' title='bbox 623 2996 741 3073; x_wconf 85' lang='lat' dir='ltr'>ignibus</span> <span class='ocrx_word' id='word_1_155' title='bbox 754 2980 830 3053; x_wconf 83' lang='lat' dir='ltr'>arces</span> <span class='ocrx_word' id='word_1_156' title='bbox 835 3016 845 3063; x_wconf 82' lang='lat'>3</span> 
     </span>
     <span class='ocr_line' id='line_1_28' title="bbox 164 3093 913 3170; baseline -0.009 -13"><span class='ocrx_word' id='word_1_157' title='bbox 164 3100 238 3157; x_wconf 89' lang='lat' dir='ltr'>Non</span> <span class='ocrx_word' id='word_1_158' title='bbox 250 3100 345 3158; x_wconf 91' lang='lat' dir='ltr'>ullum</span> <span class='ocrx_word' id='word_1_159' title='bbox 359 3101 501 3160; x_wconf 84' lang='lat' dir='ltr'>auxilium</span> <span class='ocrx_word' id='word_1_160' title='bbox 512 3101 631 3169; x_wconf 89' lang='lat' dir='ltr'>miseris,</span> <span class='ocrx_word' id='word_1_161' title='bbox 651 3116 710 3157; x_wconf 90' lang='lat' dir='ltr'>non</span> <span class='ocrx_word' id='word_1_162' title='bbox 723 3116 801 3155; x_wconf 88' lang='lat' dir='ltr'>arma</span> <span class='ocrx_word' id='word_1_163' title='bbox 814 3093 913 3170; x_wconf 83' lang='lat' dir='ltr'>rogavi</span> 
     </span>
    </p>
   </div>
   <div class='ocr_carea' id='block_1_3' title="bbox 166 3194 915 3353">
    <p class='ocr_par' dir='ltr' id='par_1_7' title="bbox 166 3194 915 3353">
     <span class='ocr_line' id='line_1_29' title="bbox 166 3194 915 3279; baseline -0.007 -20"><span class='ocrx_word' id='word_1_164' title='bbox 166 3202 259 3269; x_wconf 83' lang='lat' dir='ltr'>Artis,</span> <span class='ocrx_word' id='word_1_165' title='bbox 279 3203 398 3279; x_wconf 89' lang='lat' dir='ltr'>opisque</span> <span class='ocrx_word' id='word_1_166' title='bbox 411 3212 481 3278; x_wconf 73' lang='lat' dir='ltr'>tuae5</span> <span class='ocrx_word' id='word_1_167' title='bbox 502 3214 607 3273; x_wconf 90' lang='lat' dir='ltr'>necte,</span> <span class='ocrx_word' id='word_1_168' title='bbox 627 3202 767 3262; x_wconf 73' lang='lat' dir='ltr'>carissime</span> <span class='ocrx_word' id='word_1_169' title='bbox 780 3194 915 3277; x_wconf 36' lang='lat' dir='ltr'>conjunxi</span> 
     </span>
     <span class='ocr_line' id='line_1_30' title="bbox 223 3308 606 3353; baseline 0.008 -5"><span class='ocrx_word' id='word_1_170' title='bbox 223 3308 296 3349; x_wconf 81' lang='lat' dir='ltr'>von.</span> <span class='ocrx_word' id='word_1_171' title='bbox 312 3310 350 3353; x_wconf 86' lang='grc' dir='ltr'>ιι.</span> <span class='ocrx_word' id='word_1_172' title='bbox 587 3312 606 3351; x_wconf 85' lang='lat'>1.</span> 
     </span>
    </p>
   </div>
   <div class='ocr_carea' id='block_1_4' title="bbox 332 3592 472 3661">
    <p class='ocr_par' dir='ltr' id='par_1_8' title="bbox 332 3592 472 3661">
     <span class='ocr_line' id='line_1_31' title="bbox 332 3592 472 3661; baseline 0 0"><span class='ocrx_word' id='word_1_173' title='bbox 332 3592 472 3661; x_wconf 60' lang='lat' dir='ltr'>A</span> 
     </span>
    </p>
   </div>
   <div class='ocr_carea' id='block_1_5' title="bbox 0 0 1267 3875">
    <p class='ocr_par' dir='ltr' id='par_1_9' title="bbox 0 0 1267 3875">
     <span class='ocr_line' id='line_1_32' title="bbox 0 0 1267 3875; baseline 0 0"><span class='ocrx_word' id='word_1_174' title='bbox 0 0 1267 3875; x_wconf 95' lang='lat' dir='ltr'> </span> 
     </span>
    </p>
   </div>
  </div>
 </body>
</html>
