2509 3875
253 286 321 355 21'64
532 290 809 368 AENEIDOS,
968 294 1061 368 v.69.

262 449 394 521 Classem,
414 469 488 526 quae,
508 452 592 511 lateri
608 454 762 513 castrorum
781 449 923 529 adjuncta,
940 451 1063 521 latebat,

262 552 427 629 Aggeribus
440 554 556 631 sapum
569 556 687 623 circum,
706 564 736 613 et
749 554 913 613 fluvialibus
924 552 1018 623 undis,

262 762 362 835 Atque
374 778 491 820 manum
504 762 574 837 pinu
587 760 722 837 flagranti
734 759 859 818 fervidus
871 759 973 835 inplet.

262 862 342 919 'Iiun
353 880 420 919 vero
432 861 622 934 incumbunt;
644 870 748 937 urguet
760 860 908 938 presentia
919 858 1014 917 Turni
1017 884 1028 929 5

263 964 362 1038 Atque
374 963 468 1020 omnis
480 964 591 1021 facibus
603 965 692 1040 puber
705 963 869 1039 adcingitur
881 962 959 1020 atris.

263 1064 417 1140 Diripuere
429 1064 518 1123 socos:
540 1044 656 1141 piceum
668 1065 726 1123 fert
736 1064 847 1122 fumida
858 1065 957 1121 iumen

263 1168 362 1237 neda,
371 1210 374 1217 -
383 1177 413 1224 et
425 1168 602 1225 conmixtam
614 1168 760 1227 Volcanus
774 1169 809 1225 ad
824 1167 893 1225 astra
907 1166 1044 1224 favillam.

265 1254 268 1262 ¹
304 1268 380 1327 ouis
392 1270 471 1337 deus,
484 1288 502 1327 o
513 1269 620 1329 Musae!
644 1280 704 1328 tam
714 1269 786 1327 saeva
798 1268 931 1327 incendia
941 1268 1062 1326 Teucria

265 1370 398 1429 Avertit?
420 1378 513 1427 tantos
530 1371 638 1429 ratibus
650 1371 713 1447 quia
725 1371 836 1447 depulit
847 1369 942 1447 ignis?

265 1471 374 1531 Dicite.
413 1471 503 1529 Prisca
517 1472 588 1531 fider
601 1473 686 1542 fatto,
706 1472 754 1530 sed
767 1470 994 1548 samaperennia.

304 1575 445 1651 Tempore
459 1592 516 1649 quo
528 1574 654 1651 primum
665 1575 788 1651 Phrygii
800 1575 942 1631 formabat
954 1572 985 1629 in
995 1572 1050 1629 Ida
1064 1644 1068 1649 ,
1186 1611 1187 1628 1

1187 1655 1190 1752 l

265 1676 375 1734 AEneaa
390 1675 511 1746 classem,
531 1684 561 1733 et
574 1677 670 1754 pelagi
683 1686 778 1755 petere
791 1676 847 1733 alta
860 1676 994 1751 parabat3

266 1778 330 1855 Ipsa
343 1778 430 1835 deum
443 1778 533 1835 sertur
546 1778 678 1855 genetrix
691 1776 858 1854 Berecyntia
871 1794 1009 1853 magnum

265 1882 392 1941 Vocibus
406 1882 450 1940 his
463 1882 558 1942 adfata
573 1883 691 1961 Jovem:
713 1882 768 1950 Da,
788 1890 864 1949 nate,
883 1879 1003 1956 petenti,

260 1985 357 2043 ouod
371 1993 420 2042 tua
433 2005 497 2043 cara
509 1999 609 2061 parens
622 1983 733 2041 domito
747 1993 776 2039 te
788 1981 879 2059 poscit
891 1979 1026 2058 Olympo.

266 2087 353 2146 Pinea
366 2087 436 2145 silva
448 2087 531 2154 mihi,
551 2085 656 2143 multos
670 2085 770 2142 dilecta
783 2103 833 2160 per
845 2101 943 2153 annos,

266 2189 363 2246 Lucus
374 2187 405 2244 in
419 2206 482 2244 arce
496 2187 552 2244 suit
565 2187 685 2255 summa,
705 2205 763 2261 quo
775 2185 851 2243 sacra
864 2186 1006 2254 serebant,

268 2287 407 2364 Nigranti
419 2288 499 2364 picei
512 2287 696 2364 trabibusque
708 2286 842 2344 obscurus
856 2287 980 2344 acernisr

197 2415 199 2424 ¹
267 2379 329 2446 Has
342 2408 396 2466 ego
410 2387 554 2446 Dardanio
562 2388 672 2466 juveni,
692 2408 783 2465 quum
795 2388 884 2447 classis
897 2397 1004 2465 egeret,

268 2491 347 2548 Laeta
359 2490 443 2548 dedi:
465 2509 542 2548 nunc
555 2489 703 2549 sollicitam
717 2491 805 2548 timor
821 2491 922 2548 anxius
934 2493 1048 2567 urguet

269 2591 351 2651 Solve
361 2600 466 2669 ⁴metus,
485 2600 571 2669 atque
585 2592 640 2650 hoc
653 2593 785 2670 precibus
799 2594 857 2650 fine
871 2592 947 2670 posse
959 2612 1061 2670 paren-

345 2703 403 2752 tem
409 2717 418 2764 3

267 2797 316 2856 Ne
329 2795 410 2854 eursu
424 2795 557 2871 quassatae
570 2796 639 2867 ullo,
659 2815 717 2854 neu
729 2796 843 2854 turbine
855 2797 943 2866 venti,

267 2891 437 2957 Vincan'tur.
478 2899 564 2956 Profit
576 2898 675 2956 nostris
687 2899 719 2955 in
731 2899 876 2956 montibus
889 2909 972 2968 ortas.

268 3002 355 3061 Filius
368 3001 436 3059 huic
448 3008 555 3069 contra,
575 3009 689 3075 torquet
701 3000 752 3075 qui
765 3001 855 3058 fidera'
864 3001 983 3058 mundi:

269 3103 298 3160 Ο
312 3103 458 3179 genetrix!
480 3121 537 3180 quo
549 3102 609 3160 sata
622 3107 724 3160 vocas?
745 3113 795 3161 aut
808 3105 878 3180 quid
890 3105 964 3182 petis
975 3105 1055 3165 iliis?

267 3203 424 3264 Mortaline
436 3223 524 3268 manu
536 3205 617 3264 sastae
630 3204 780 3264 inmortale
791 3207 895 3264 carinae
913 3253 917 3259 .
