2509 3875
236 330 296 393 aso
496 324 775 395 AE-Nstnos,
927 332 1040 399 mys.

235 488 284 547 Tu
296 503 410 561 quoque
423 502 501 542 nune
514 483 597 541 stares
609 480 735 541 inmanis
750 490 868 539 tntncus
879 479 1025 553 inarmis,

236 588 312 651 Eii'et
325 606 376 666 par
388 596 465 659 aetas,
486 596 516 645 et
527 586 605 645 idem
618 585 640 642 fi
651 587 739 643 robur
749 586 788 643 ab
797 584 889 655 annis,

235 694 344 753 Turne.
375 692 429 751 Sed
442 689 545 749 infelix
552 690 678 747 Teucros
690 688 762 763 quid
773 688 905 748 demoror
915 687 1022 747 armis?

235 796 351 865 Vadite,
370 804 399 854 et
413 794 475 853 haec
487 810 625 851 memores
637 791 700 869 regi
712 791 847 849 mandata
860 790 979 850 referter

237 900 327 959 Quod
339 898 428 957 vitam
441 914 537 955 moror
546 894 678 962 invisam,
697 894 825 953 Pallante
836 904 975 971 peremto,

235 1002 363 1065 Dextera
375 998 467 1059 cautla
484 1008 533 1055 tua
546 996 599 1068 est,
619 996 754 1055 Turnum
771 1005 925 1075 gnatoque,
944 997 1037 1074 patri.

243 1142 249 1159 .
314 1120 380 1180 que,

237 1210 336 1269 Quam
349 1206 452 1263 debere
464 1204 552 1262 vides.
591 1202 708 1261 Meritis
720 1213 802 1261 vacat
819 1203 869 1261 hic
880 1203 935 1261 tibi
947 1203 1035 1275 solus,

235 1312 434 1384 Fortunaque,
453 1307 541 1365 locus.
580 1306 652 1365 Non
663 1305 732 1364 vitae
742 1306 846 1382 gaudia
859 1326 971 1382 quaer03

235 1414 301 1474 Nec
313 1412 368 1469 fas:
390 1410 439 1467 sed
451 1420 519 1467 nato
531 1409 628 1467 Manis
640 1408 765 1486 perferre
778 1409 830 1467 sub
842 1408 925 1469 imos.

274 1518 388 1575 Aurora
400 1514 508 1571 interea
521 1510 632 1570 miseris
641 1512 809 1571 mortalibus
820 1512 927 1571 almam

235 1620 384 1680 Extuletat
396 1618 501 1687 lucem,
520 1616 646 1675 referens
657 1634 752 1692 opera,
771 1625 859 1691 atque
871 1615 992 1675 labores.
1064 1601 1068 1606 ’

233 1724 300 1803 Jam
312 1734 393 1800 pater
405 1722 523 1789 AEneas,
540 1716 611 1795 jam,
630 1736 719 1775 curvo
729 1718 761 1775 in
773 1717 866 1787 litore,
877 1718 994 1777 Tarcho

235 1827 415 1887 Constituere
427 1842 520 1901 pyras.
560 1822 628 1879 Huc
641 1840 759 1898 corpora
768 1821 889 1897 quisque
901 1820 1020 1881 snorum

233 1930 319 1992 More
331 1930 422 1989 tulere
434 1937 562 2006 patrum:
584 1924 771 2003 subjectisque
782 1923 900 2002 ignibus
911 1926 980 1984 atris

233 2033 376 2094 Conditus
388 2033 418 2090 ln
433 2034 562 2091 tenebras
573 2031 665 2088 altum
677 2029 802 2107 caligine
813 2029 929 2087 ooelum.
963 2053 966 2059 ·

232 2139 291 2196 Ter
303 2138 411 2196 circum
424 2134 566 2202 adcensos,
586 2133 675 2191 cincii
686 2131 865 2209 fulgentibus
877 2131 973 2202 armis,

232 2240 390 2300 Decurrere
402 2257 498 2314 rogos3
520 2247 563 2294 ter
576 2235 706 2294 maelium
718 2235 826 2293 funeris
837 2234 938 2313 ignem

165 2373 167 2380 v
232 2343 397 2403 Lullravere
409 2341 439 2398 in
452 2339 546 2415 equis,
567 2339 750 2415 ululatusque
762 2357 811 2396 ore
822 2339 934 2398 dedere.

231 2443 380 2522 Spargitur
390 2451 420 2499 et
434 2441 517 2500 tellus
530 2441 663 2511 lacrimis,
683 2442 854 2519 sparguntur
866 2452 894 2499 et
908 2461 998 2501 arma.

230 2551 260 2608 lt
273 2547 345 2606 ooelo
356 2545 519 2620 clamorque
532 2545 636 2612 virium,
654 2545 828 2620 clangorque
841 2545 984 2604 tubamm.

231 2653 310 2714 Hinc
322 2649 372 2709 alii
386 2647 482 2725 spolia,
501 2647 598 2704 occisis
611 2649 727 2724 derepta
741 2648 859 2716 Latinis,

231 2754 399 2834 Conjiciunt
411 2749 488 2829 igni3
510 2750 612 2827 galeas,
632 2750 761 2827 enfisque
773 2753 898 2820 decoros,

231 2862 388 2936 Frenaque,
400 2853 591 2928 ferventisque
603 2863 692 2911 rotas:
714 2873 778 2931 pars
790 2872 909 2912 munera
925 2862 1004 2924 nota,

230 2962 360 3040 Ipsorum
372 2959 487 3036 clipeos,
506 2967 535 3015 et
549 2975 605 3013 non
619 2956 716 3014 felicia
728 2957 794 3014 tela.

230 3067 326 3125 Multa
340 3067 428 3122 boum
441 3062 514 3121 circa
527 3060 688 3118 mactantur
699 3078 815 3137 corpora
828 3059 933 3130 Morti3

230 3168 436 3242 Saetigerosque
449 3165 519 3232 sues,
539 3173 690 3239 raptasque
703 3181 740 3220 ex
752 3162 886 3220 omnibus
898 3162 973 3239 agris

231 3269 267 3326 ln
280 3267 426 3326 flammam
434 3266 571 3343 jugulant
586 3266 719 3343 pecudes.
757 3265 835 3324 Tum
847 3263 932 3340 litore
945 3273 1009 3340 toto
