2509 3875
187 342 215 383 u.
227 330 294 396 778.
452 331 468 380 .'
481 330 506 388 L
519 330 581 391 113.
618 331 687 389 Xll.
926 326 984 397 295

184 481 283 551 Terra,
304 488 384 555 tene3
406 485 482 543 colui
495 487 599 545 vestros
612 488 634 545 fi
646 487 756 563 semper
768 484 898 550 honores,

186 583 269 641 Quos
282 595 380 646 contra
394 589 533 647 AEneadae
546 590 622 647 bello
635 589 728 646 secere
740 588 882 663 profanos¹

183 684 280 757 Dixit,
301 708 442 764 opemque
455 690 503 747 dei
516 709 575 749 non
588 690 661 748 caffa
673 690 705 746 in
717 698 783 746 vota
796 686 918 745 vocavit.

183 787 330 864 Namque,
350 789 401 851 diu
421 791 540 859 luctans,
559 793 696 867 lentoque
707 792 740 847 iu
753 791 837 865 stirpe
849 795 985 857 moratus,

184 888 304 948 Viribus
317 890 395 949 haud
407 892 577 951 ullisfvaluit
590 893 748 952 discludere
760 891 868 949 morsus

184 991 306 1051 Roboris
318 993 435 1051 AEneae.
475 996 555 1053 Dum
570 995 672 1052 nititur
685 1013 758 1061 acer,
777 1001 808 1049 et
819 992 913 1061 instat,

91 1092 92 1095 ’
185 1094 292 1151 Rursus
305 1094 336 1151 in
349 1095 457 1173 aurigae
469 1097 574 1155 faciem
587 1105 698 1155 mutata
711 1095 835 1164 Metisci,

91 1194 92 1279 J
187 1197 341 1267 Procurrit,
360 1198 608 1275 fratriqueensem
622 1200 673 1255 dea
687 1198 802 1255 Daunia
815 1196 919 1256 reddit.

91 1296 92 1305 ’
186 1298 276 1357 Quod
290 1300 386 1358 Venus
399 1301 501 1358 audaci
514 1300 660 1377 Nymphae
673 1300 823 1375 indignata
836 1299 933 1368 licere,

185 1400 323 1469 Adcessrt,
345 1402 493 1477 telumque
506 1402 564 1459 alta
576 1404 613 1475 ab
626 1402 720 1459 radiae
731 1401 852 1465 revellit,

186 1501 248 1559 Olli
259 1502 406 1571 sublimes,
427 1502 513 1561 armis
526 1504 687 1579 animisque
700 1502 809 1571 resedi,

91 1584 92 1617 ³
186 1602 246 1661 Hie
260 1604 355 1679 gladio
368 1604 468 1674 fidens,
489 1604 561 1661 hicc'
574 1622 640 1662 acer
652 1615 683 1661 et
695 1606 800 1661 arduus
810 1603 900 1671 hasta,

185 1704 334 1763 Adsrstunt
346 1717 453 1776 contra,
473 1705 630 1765 certamine
642 1706 745 1763 Martis
757 1705 864 1763 anheli.
984 1778 987 1781 ἢ

224 1809 369 1884 Junonem
381 1808 489 1865 interea
504 1808 566 1865 Rex
578 1807 782 1883 omnipotentis
795 1806 917 1883 Olympi

91 1890 93 1927 Ξ
187 1908 374 1986 Adloquitur,
393 1909 474 1970 11111
487 1928 596 1988 pugnas
610 1911 646 1967 de
660 1911 737 1968 nube
749 1919 893 1968 tuentem:

185 2011 265 2068 Quae
274 2001 335 2086 jam
345 2011 410 2068 finis
423 2011 487 2079 erit,
501 2011 646 2088 conjunx?
667 2012 736 2086 quid
749 2011 872 2087 denique
885 2013 985 2070 restatl

187 2113 350 2188 Indigetem
364 2113 479 2172 AEnean
492 2112 545 2170 scis
558 2113 627 2188 ipsa,
647 2123 677 2170 et
690 2113 761 2170 scire
773 2114 879 2184 fateris,

187 2215 295 2272 Deberi
309 2214 390 2282 11111,
410 2215 534 2290 fatisque
548 2215 584 2272 ad
598 2214 685 2272 sidera
699 2215 771 2273 tolli.

188 2317 271 2382 Quid
283 2317 380 2376 struis?
402 2326 452 2374 aut
464 2315 579 2392 quispe
590 2316 691 2393 gelidis
701 2317 732 2374 in
742 2317 867 2375 nubibus
877 2317 983 2377 haeresl
1052 2332 1054 2335 ·

188 2419 335 2480 Μ1111111’
349 2417 446 2477 decuit
458 2417 558 2476 violari
571 2419 685 2476 volnere
698 2418 815 2486 divum?
831 2407 832 2410 ¹

188 2524 251 2580 Aut
263 2522 367 2590 ensem,
390 2519 474 2596 (quid
493 2519 572 2609 enim
585 2520 644 2582 fine
657 2531 686 2578 te
698 2523 822 2598 Juturna
834 2524 974 2598 11111111)
1086 2556 1088 2559 -

189 2627 328 2701 Ereptum
340 2624 421 2682 reddi
430 2625 539 2692 Turno,
559 2633 588 2680 et
601 2623 796 2683 vimcrescere
808 2625 908 2683 vistis?

189 2729 293 2787 Desine
302 2727 363 2804 jam
375 2726 501 2792 tandem,
514 2725 701 2802 precibusque
713 2727 858 2785 inflectere
872 2727 984 2785 nostris:

190 2831 254 2890 Nec
267 2841 297 2888 te
310 2840 406 2888 tantus
419 2831 484 2888 edat
498 2829 615 2886 tacitam
628 2829 719 2897 dolor,
739 2838 769 2886 et
782 2829 854 2886 mihi
870 2848 949 2887 curae

192 2937 270 3011 Saepe
284 2943 334 2991 tuo
347 2932 427 2990 dulci
440 2931 529 2990 tristes
543 2951 579 2989 ex
592 2950 641 2989 ore
654 2931 809 2989 recurseut.

190 3040 319 3096 Ventum
332 3037 368 3102 ad
381 3035 543 3120 supremum
556 3035 604 3096 est.
632 3033 729 3092 Terris
742 3033 861 3110 agitare,
875 3034 919 3093 vel
933 3055 987 3094 un·

269 3140 321 3208 dis,

91 3251 92 3264 ¹
190 3241 327 3322 Trojanos
340 3241 470 3321 potuistl3
492 3241 646 3300 infandum
661 3240 817 3299 adcendere
829 3241 948 3316 bellum,
