2509 3875
268 332 304 393 16
523 326 799 399 AENEIDOS,
950 335 1070 390 γ.381.·

263 487 287 555 1,
307 485 423 561 sequere
436 482 550 541 ltaliam
562 482 669 552 rentia3
688 492 755 559 pete
766 500 856 559 regua
867 501 918 559 per
929 483 1032 543 undas.

264 590 350 665 Spero
361 588 496 663 equidem
508 585 618 654 mediis,
632 586 732 660 fiquid
742 586 790 661 pia
803 585 923 643 numina
934 585 1065 662 possunt,

264 691 406 767 Supplicia
419 688 575 747 hausurum
588 687 717 764 scoprdis,
737 697 767 744 et
779 688 897 745 nomine
909 688 987 746 Dido

264 796 343 871 Saepe
355 802 532 877 vacaturum.
572 792 679 865 Sequar
692 790 762 847 atria
774 790 889 866 ignibus
900 790 1012 849 absens:

264 897 310 965 Et,
331 914 420 971 quum
433 893 539 969 frigida
553 912 626 950 mous
639 892 736 949 animi
748 892 893 949 seduxerit
905 902 992 961 artue,

261 998 405 1057 Omnibus
417 999 516 1053 umbra
528 995 597 1053 locis
610 996 703 1052 adero.
732 994 837 1063 Dubia,
852 995 984 1077 inprobe,
995 1015 1061 1073 poe·

340 1119 404 1159 nas:

262 1204 388 1261 Audiam
395 1228 402 1271 3
417 1212 447 1259 et
457 1202 518 1259 haec
527 1200 623 1259 Manis
632 1200 729 1258 veniet
738 1199 812 1258 mihi
823 1200 899 1257 fama
910 1200 961 1258 sub
972 1200 1061 1259 imos.
1083 1177 1086 1180 Ι

263 1307 318 1365 His
330 1305 458 1363 medium
470 1304 551 1362 didtis
563 1304 722 1361 sermonem
734 1302 887 1378 abrumpit,
906 1311 937 1361 et
948 1322 1031 1361 auras

262 1410 355 1485 AEgru
368 1408 454 1485 fugit,
473 1406 557 1483 seque
569 1425 606 1463 ex
619 1405 707 1463 oculis
720 1405 832 1471 avertit,
850 1414 880 1461 et
893 1404 987 1461 aufert
992 1428 1002 1476 3
1040 1444 1043 1448 -
1058 1460 1061 1463 ,

263 1512 409 1587 Linquens
429 1510 519 1567 multa
538 1519 618 1567 metu
638 1508 829 1575 cundiautem,
848 1519 879 1564 et
896 1507 988 1567 multa
1004 1526 1058 1584 pa-

340 1624 451 1673 rantem
534 1620 537 1627 ’

198 1768 200 1771 .
263 1717 375 1775 Dicere.
408 1714 572 1791 Suscipiunt
584 1714 709 1783 famulae,
727 1712 914 1789 conlapsaque
925 1713 1057 1771 membra

262 1820 425 1877 Marmoreo
438 1818 565 1875 referunt
584 1816 718 1884 thalamo,
738 1815 885 1891 stratisque
902 1824 1056 1891 reponunt.

300 1926 342 1984 'At
354 1922 418 2000 pius
428 1921 545 1992 AEneaa,
566 1939 739 1997 quamquam
751 1916 842 1977 lenire
854 1918 1004 1984 dolentem

262 2028 382 2088 Soiando
393 2026 483 2102 cupit,
501 2034 532 2082 et
544 2024 626 2082 diuis
639 2032 765 2082 avertere
776 2040 873 2092 curas3

183 2135 188 2146 ’
258 2131 355 2188 Multa
387 2147 512 2204 gemens,
542 2144 704 2202 magnoque
733 2124 863 2182 animum
893 2124 1053 2184 labefautus

214 2251 216 2256 ·
338 2249 445 2300 amore,

261 2333 337 2412 Jussa
352 2344 446 2390 tamen
459 2332 554 2389 divom
568 2331 740 2406 exsequitur,
760 2330 930 2405 classemque
947 2331 1055 2392 revisit.

260 2438 339 2494 Tum
351 2455 419 2494 vero
431 2435 536 2494 Teucri
549 2434 730 2503 incumbunt,
749 2442 779 2491 et
792 2433 876 2491 litore
889 2432 976 2492 celsas
1011 2419 1015 2423 ’

261 2540 416 2610 Deducunt
429 2547 489 2596 toto
502 2537 592 2596 navis:
615 2545 696 2594 natat
707 2535 792 2594 unua
806 2535 914 2605 carina,

260 2641 484 2716 Frondentisque
496 2641 593 2700 ferunt
605 2659 696 2697 remos
708 2648 738 2696 et
749 2640 848 2697 robora
861 2638 935 2697 silvia

198 2743 201 2748 ’
260 2744 441 2814 lumbricata,
462 2745 540 2820 fugae
553 2744 653 2802 studio,

260 2849 414 2924 Migrantis
426 2865 531 2914 cernas,
552 2848 668 2922 totique
679 2865 716 2903 ex
728 2846 799 2902 urbe
811 2843 931 2904 rueutIs:

260 2954 314 3023 Ac,
333 2951 423 3010 veluti
436 2951 585 3026 ingentem
598 2949 726 3007 formicae
739 2947 820 3006 sarria
833 2964 966 3007 acervum

261 3055 362 3110 Ouum
374 3053 521 3129 populant,
541 3051 645 3111 hiemis
657 3069 804 3117 memora,
826 3049 956 3124 tedtoque
969 3063 1063 3124 rep0··

337 3168 425 3227 nunt5
917 3225 922 3233 ¹

260 3259 287 3315 It
301 3259 415 3335 nigrum
427 3257 533 3336 campis
546 3275 659 3335 agmen,
672 3257 854 3336 predamque
864 3273 917 3332 per
928 3253 1030 3316 herbae
1058 3299 1064 3314 .
