2509 3875
133 369 136 375 ·
256 339 312 398 126
506 335 783 408 AENEIDOS,
943 343 1054 407 v.7001

252 493 355 552 Quum
366 493 426 552 sese
438 513 455 552 e
467 494 548 571 pasto
559 494 695 564 referunt,
715 503 745 552 et
756 495 844 570 longa
857 509 987 576 canoros=

251 596 333 654 Dant
346 616 396 672 per
408 597 480 654 oolla
493 598 593 654 modos
597 621 606 667 ;
628 597 710 654 sonat
721 596 822 668 amnis,
836 604 866 651 et
878 594 947 652 Afia
964 594 1052 671 longe

255 697 335 756 Pulsa
347 699 438 774 palus.

254 797 320 856 Nec
333 800 484 876 quisquam
496 810 594 859 aeratas
606 801 680 859 acies
693 820 730 858 ex
743 799 858 877 agmine
872 809 953 860 tanto

256 901 373 960 Misceri
385 913 482 980 putet3
504 903 610 961 aiiriam
623 903 672 961 sed
685 903 800 979 gurgite
814 905 849 960 ab
862 902 922 959 alto

256 1001 382 1080 Urgueri
395 1005 543 1062 volucrum
555 1023 704 1062 raucarum
718 1007 753 1062 ad
766 1005 849 1062 litora
862 1007 979 1063 nubem.

294 1106 384 1163 Ecce!
406 1105 576 1164 Sabinorum
589 1105 680 1182 prisco
693 1107 729 1163 de
746 1105 892 1181 sanguine,
912 1125 1050 1183 magnum

256 1208 372 1283 Agmen
393 1226 488 1284 agens,
514 1207 644 1276 Clausm,
670 1208 826 1284 magnique
845 1207 905 1284 ipse
927 1207 1051 1285 agminis

331 1310 416 1368 instar
422 1335 431 1380 3

257 1411 378 1468 Claudia
391 1431 468 1470 nunc
481 1431 497 1470 a
510 1430 568 1488 quo
585 1410 758 1469 diffunditur
769 1419 800 1469 et
812 1411 911 1480 tribus,
927 1422 957 1470 et
970 1431 1051 1489 geue,

256 1513 308 1570 Per
320 1513 446 1584 Ianum,
465 1513 613 1589 postquam
630 1512 663 1571 in
680 1523 790 1590 partem
811 1515 877 1572 data
891 1515 981 1572 Roma
999 1516 1048 1573 Sa·

333 1614 416 1673 binis.
1043 1661 1044 1666 ,

257 1715 325 1774 Una
337 1715 439 1793 ingens
452 1716 602 1774 Amiterna
620 1716 730 1787 cohors,
749 1717 890 1794 priscique
911 1718 1051 1788 Quirites,

256 1817 335 1874 Ereti
347 1837 448 1876 manus
460 1819 561 1887 omnis,
582 1818 776 1895 oliviferaeque
786 1819 929 1877 Mutuscae
934 1845 942 1890 3
986 1851 989 1858 »

256 1920 320 1979 oui
333 1921 512 1980 Nomentum
525 1922 636 1990 urbem,
657 1920 707 1998 qui
720 1919 808 1979 Rosea
821 1940 885 1979 rura
898 1921 1006 1990 Velini,

255 2023 319 2081 uui
326 2025 449 2091 Tetrica
456 2024 595 2082 horrentis
607 2042 701 2099 rupee,
709 2032 894 2098 montemque
905 2024 1049 2093 Severum,

257 2128 476 2204 Casperiamque
494 2129 602 2197 colunt,
622 2126 804 2201 Forulosque,
824 2137 854 2183 et
870 2128 978 2185 flumen
993 2127 1050 2187 Hi·

333 2230 439 2299 mellaej
556 2211 560 2221 x

256 2330 319 2388 Qui
338 2329 480 2406 Thybrim
502 2328 692 2403 Fabarimque
710 2328 824 2397 bibunt,
850 2348 921 2403 quos
944 2329 1050 2406 frigida

264 2483 269 2492 ,
332 2432 409 2489 mint
728 2482 729 2485 ,

256 2533 370 2602 Nurfia,
389 2543 419 2591 et
432 2532 565 2591 Hortinae
577 2531 682 2601 claffes,
702 2531 856 2608 populique
870 2532 967 2591 Latini
971 2556 981 2604 ς

220 2697 225 2704 ,
257 2638 396 2711 Quosque
408 2634 503 2692 secans
515 2634 671 2691 infaustum
682 2634 812 2692 interluit
822 2634 902 2693 Allia
913 2654 981 2693 nom
1026 2680 1033 2691 .

256 2740 356 2799 Quam
368 2736 451 2797 multi
466 2737 574 2812 Libyco
585 2735 740 2795 volvuntur
752 2753 893 2794 marmore
905 2736 1015 2809 fluetus,

256 2844 350 2901 sevus
362 2842 414 2900 ubi
426 2840 518 2899 Orion
530 2839 657 2897 hibernis
670 2838 804 2897 conditur
816 2840 909 2909 undis,

254 2946 319 3016 Vel,
338 2963 428 3020 quum
440 2942 497 2999 sole
509 2960 584 2999 novo
596 2940 690 2997 densa
704 2950 847 2999 torrentur
858 2942 957 3014 aristae,

256 3049 317 3105 Aut
330 3044 435 3105 Hermi
447 3063 557 3120 campo,
575 3052 626 3100 aut
639 3041 734 3117 Lyciae
746 3043 918 3101 flaventibus
931 3044 1013 3105 arvis,

256 3150 341 3206 Scuta
353 3148 463 3215 sonant,
483 3144 624 3222 pulsuque
635 3145 742 3220 pedum
755 3146 908 3203 conterrita
921 3147 1014 3205 tellus.
1036 3196 1039 3201 .

293 3250 372 3307 Hinc
384 3247 640 3325 Agamemnonius,
658 3245 776 3323 Trojani
794 3247 918 3307 nominis
933 3248 1028 3319 hostis,

1187 2938 1189 2959 ¹
