2509 3875
85 214 86 301 l
192 276 332 341 v.727.,
463 273 683 343 ulum.
930 280 987 342 257

191 424 374 499 Tyrrhenum
387 426 501 503 genitor
509 429 690 487 Tarchonem
702 429 733 487 in
745 425 845 504 prolia
857 426 929 486 saeva

191 526 330 596 Suscitat‚¹
343 539 372 586 et
384 529 505 588 stimulis
517 530 595 588 haud
607 530 743 588 mollibus
754 527 849 605 injicit
860 528 925 585 iras.

184 621 267 704 ¹Ergo
280 628 356 687 inter
368 633 467 698 caedes,
487 631 674 707 cedentiaque
687 631 812 707 agmina,
824 628 937 687 Tarcho

192 730 291 787 Fertur
303 750 386 807 equo,
406 733 548 809 variisque
561 733 676 809 instigat
689 732 806 789 vocibus
819 724 894 799 alas,

189 830 318 890 Nomine
341 818 484 910 quemque
510 853 625 905 vocans,
658 833 808 908 reficitque
828 832 858 889 in
883 830 984 907 proelia

264 934 376 1010 pulsos:

188 1030 264 1093 Quis
283 1047 386 1106 metus,
406 1056 424 1093 o
442 1056 600 1113 numquam
617 1032 750 1095 dolituri!
772 1056 790 1093 ο
809 1036 919 1112 semper
935 1035 981 1092 in-

197 1176 199 1183 ›
263 1139 348 1195 ortes!

184 1238 342 1315 Tyrrheni?
364 1258 428 1315 quae
441 1249 520 1297 tanta
533 1240 636 1298 animis
648 1240 763 1318 ignavia
776 1240 871 1299 veuit?

183 1340 301 1399 Femina
314 1342 435 1418 palantis
449 1342 519 1417 agit,
540 1352 626 1418 atque
639 1342 701 1399 haec
714 1342 830 1419 agmina
843 1340 945 1400 vertit?

184 1442 254 1501 Quo
266 1444 384 1513 ferrum,
403 1443 509 1519 quidve
521 1444 583 1502 haec
600 1444 726 1520 gerimus
739 1444 796 1501 tela
808 1444 894 1501 inrita
907 1444 978 1502 dex-

260 1544 328 1601 tris?

181 1646 224 1705 At
237 1664 295 1703 nou
308 1644 339 1703 in
350 1647 493 1705 Venerem
505 1647 615 1723 segnes,
635 1648 828 1722 nodumaque
840 1647 913 1705 bella
918 1671 928 1718 3

180 1749 252 1817 Aut,
270 1748 324 1805 ubi
337 1767 423 1806 curva
436 1748 535 1805 choros
548 1748 655 1805 indixit
668 1748 739 1807 tibia
753 1749 868 1818 Bacchi,
905 1798 908 1803 .

179 1850 348 1927 Exspeslare
361 1851 456 1926 dapes,
477 1860 506 1908 et
518 1850 609 1927 plenae
622 1851 724 1926 pocula
737 1850 854 1908 mensae:

179 1953 262 2020 Hicc'
275 1967 363 2022 amor,
376 1953 431 2010 hoc
443 1953 580 2023 studium,
602 1954 672 2010 dum
684 1952 758 2010 sacra
772 1953 910 2011 secundus
922 1953 973 2011 ha·

256 2055 359 2132 ruspex

176 2157 313 2226 Nuntiet,
332 2177 365 2215 ac
378 2157 457 2214 lucos
471 2163 553 2214 vocet
565 2155 654 2213 hostia
667 2155 782 2232 pinguis
794 2155 825 2214 in
838 2157 920 2216 altos.

215 2261 287 2318 Haec
295 2259 405 2327 effatus,
414 2277 521 2334 equum
531 2257 562 2313 in
574 2258 693 2327 medios,¹
700 2259 851 2317 moriturus
861 2269 891 2317 et
902 2258 970 2336 ipse,

175 2362 319 2432 Concitat,
339 2370 369 2418 et
380 2359 493 2418 Venulo
507 2359 655 2417 adversum
668 2359 696 2417 se
709 2359 839 2418 turbidus
851 2362 954 2435 infert3

173 2463 390 2539 Dereptumque
400 2465 437 2520 ab
446 2481 520 2538 equo
529 2462 640 2530 dextrd,
652 2462 842 2539 conpleditur
851 2464 968 2537 hostem,

172 2565 211 2622 Et
224 2565 365 2640 gremium
379 2575 445 2623 ante
458 2564 551 2633 suurn,
566 2565 658 2622 multd
671 2565 698 2623 vi
713 2566 852 2634 concitus,
865 2568 967 2626 aufert.

170 2667 298 2725 Tollitur
310 2667 341 2724 in
355 2667 461 2725 coelum
472 2667 593 2734 clamen
614 2667 772 2744 condique
785 2667 883 2726 Latini

171 2769 344 2828 Convertere
356 2771 461 2828 oculos.
498 2769 585 2827 Volat
602 2771 706 2846 igneus
717 2789 830 2846 aequore
842 2770 965 2837 Tarcho,

169 2873 261 2932 Arma
271 2872 422 2947 virumque
432 2872 538 2943 ferens;
555 2883 616 2930 tum
627 2872 737 2930 summa
748 2873 832 2949 ipsrus
841 2873 878 2929 ab
888 2872 965 2930 hasil

169 2975 320 3051 Defringit
333 2975 449 3044 serrum,
469 2986 497 3032 et
510 2977 599 3052 partis
612 2976 737 3033 rimatur
743 2983 862 3050 apertas,

169 3077 239 3136 Qua
251 3078 352 3136 volnus
364 3079 449 3136 letale
457 3078 548 3136 'seratz
571 3088 670 3136 contra
682 3078 902 3152 ille'repugnaus
920 3085 925 3093 '
978 3136 983 3144 ,

164 3181 295 3240 ‘Sustinet
307 3200 323 3238 a
333 3179 436 3260 jugulo
449 3182 588 3250 dextram,
608 3190 638 3238 et
650 3179 709 3241 vim
722 3179 828 3238 viribus
841 3179 909 3238 exit.

226 3289 299 3331 vor..
314 3289 352 3330 rr·
587 3289 600 3328 s
