2509 3875
159 363 186 403 v.
200 345 271 416 726.
455 352 555 410 LIB.
592 351 662 409 XII.
894 353 953 417 293

157 500 293 572 Sustinet,
312 513 342 562 et
354 506 413 564 fata
425 506 539 583 inponit
551 506 659 565 diversa
672 506 810 575 duorum5

158 603 256 661 Quem
266 606 381 664 damnet
394 608 482 679 labor,
495 620 524 666 et
534 628 591 685 quo
601 618 700 683 vergat
713 608 836 683 pondere
849 605 950 662 letum,

157 706 267 767 Emicat
281 706 361 776 hicc',
382 709 489 786 inpune
503 722 620 786 putans,
643 720 673 767 et
685 727 801 785 corpore
814 717 876 765 toto

156 808 226 864 Alte
239 809 382 867 sublatum
394 812 540 888 consurgit
551 814 668 870 Turnus
679 812 710 868 in
724 810 829 878 ensem,

156 909 193 967 Et
208 910 283 968 serit.
323 913 494 973 Exclamant
505 916 602 982 Troes,
623 914 783 991 trepidique
797 911 904 980 Latini,

155 1012 342 1088 Adredlaeque
354 1017 503 1073 amborum
516 1017 599 1073 aeica.
640 1019 682 1076 At
695 1016 819 1092 perfidus
832 1014 904 1071 cnfis

155 1114 316 1191 Frangitur,
335 1116 366 1173 in
379 1118 530 1193 medioque
544 1118 690 1175 ardentem
704 1116 806 1175 deserit
818 1116 892 1187 ictu3

155 1216 198 1275 Ni
210 1217 280 1293 fuga
293 1216 415 1291 subsidio
428 1219 535 1277 subeat.
577 1219 664 1295 Fugit
677 1219 754 1276 ocior
769 1220 855 1286 Euro,

155 1318 198 1375 Ut
211 1320 345 1394 capulum
362 1320 504 1397 ignotum,
525 1322 710 1397 dextramque
728 1320 859 1396 adspexit
875 1320 953 1377 iner-

233 1440 320 1479 mern.

156 1525 240 1581 Fama
252 1525 300 1594 est,
309 1524 492 1601 precipitem,
504 1544 571 1583 cum
582 1525 675 1600 prima
686 1525 717 1583 in
729 1524 830 1601 proelia
838 1523 951 1600 juncioa

154 1624 369 1684 Conscendebat
381 1645 477 1703 equos,
497 1626 590 1703 patrio
603 1645 739 1683 mucrone
752 1626 860 1694 relicto,

157 1729 235 1783 Dum
249 1727 381 1804 trepidat,
401 1728 507 1784 ferrum
521 1728 627 1804 aurigae
644 1728 765 1804 rapuisse
778 1728 909 1788 Metisci:

156 1831 253 1905 quue,
274 1830 325 1887 diu
339 1831 408 1886 dum
422 1840 499 1906 terga
514 1830 620 1887 dabant
633 1830 758 1905 palantia
771 1831 885 1898 Teucri,

156 1931 274 1990 Suffecit
281 1958 290 2004 3
305 1932 462 2009 postquam
476 1951 553 1989 arma
564 1931 611 1992 dei
624 1933 660 1990 ad
672 1932 809 1990 Volcania
822 1944 949 2001 ventum,

156 2035 287 2092 Mortalis
301 2053 407 2103 mucro,
428 2033 533 2109 glacies
549 2053 602 2092 ceu
615 2034 717 2104 futilis,
737 2033 797 2091 ictu

156 2137 299 2196 Disfiluit:
322 2136 400 2192 fulva
413 2135 593 2212 resplendent
607 2136 750 2212 fragmina
764 2138 858 2193 areni.

155 2243 230 2317 Ergo
244 2259 340 2298 amens
352 2238 460 2296 diversa
473 2238 544 2314 fugi
556 2238 630 2314 petit
642 2258 755 2314 aequora
767 2241 897 2309 Turnus,

155 2344 192 2400 Et
204 2355 283 2399 nuuc
296 2341 362 2408 huc,
382 2340 451 2398 inde
464 2340 530 2408 huc,
550 2339 674 2397 incertos
686 2341 805 2417 inplicat
818 2343 902 2399 orbis.

155 2445 292 2520 Undique
304 2445 383 2502 enim
396 2442 482 2501 densa
494 2443 600 2500 Teucri
612 2443 751 2501 inclusere
764 2447 883 2515 cornui,

155 2551 253 2623 Atque
263 2548 331 2606 hinc
339 2547 413 2605 vasta
424 2547 513 2624 palus,
524 2545 592 2603 hinc
602 2547 690 2604 ardua
700 2548 805 2604 moenia
818 2548 949 2624 cingunt.

105 2689 108 2696 ·
194 2650 258 2708 Nec
272 2652 366 2708 minus
379 2650 496 2718 AEneas‚
517 2667 700 2724 quamquam,
715 2651 825 2706 tardata
840 2650 950 2724 sagitta,

103 2819 107 2824 ¹
154 2754 304 2810 Interdum
317 2772 411 2828 genua
423 2753 584 2828 inpediunt,
604 2753 775 2827 cursumque
788 2752 929 2818 recusant,

154 2855 326 2931 Insequitur,
352 2855 512 2931 trepidique
538 2854 641 2931 pedem
662 2855 734 2931 pede
758 2855 884 2911 fervidus
904 2875 950 2916 ur-

233 2968 317 3033 guet:

154 3059 300 3118 Inclusum
316 3059 404 3118 veluti
419 3060 438 3118 sr
452 3061 567 3136 quando
580 3059 701 3117 flumine
714 3059 812 3116 nactur

153 3165 288 3232 Cervum,
308 3173 357 3220 aut
372 3163 500 3240 puniceae
512 3163 624 3239 septum
636 3162 791 3220 formidine
803 3180 913 3240 pennae,

153 3255 283 3323 Venator
295 3265 386 3336 cursu,
408 3264 485 3322 canis
498 3273 527 3324 et
540 3265 698 3337 latratibus,
717 3265 816 3326 instat:
