2509 3875
226 346 291 399 ³oe
496 340 775 417 AENEIDOS,
915 357 1032 420 r.912.

226 492 382 555 Sufficiunt
394 494 475 567 vireo,
495 516 549 559 nec
561 518 618 559 vox
630 510 682 560 aut
692 502 779 560 verbu
790 499 965 577 sequuntur:

225 598 273 657 Sic
285 600 393 673 Turno,
414 602 596 679 quicumque
609 604 685 663 vium
698 604 805 663 virtute
819 604 932 681 petivit,

195 762 198 769 ,
226 702 387 761 successum
401 704 453 763 dea
468 704 535 763 Dirc
550 715 646 783 negat
684 706 764 765 Tum
776 706 889 783 pestere
901 705 999 765 sensus

225 802 385 863 Vertuntur
397 804 477 865 varii
516 806 638 865 Rutulos
649 806 802 884 adspednt,
821 818 851 863 et
863 810 984 878 urbem,

225 906 444 985 Cunctaturque
456 918 545 977 metu,
565 908 713 985 telumque
725 910 826 967 instare
839 910 993 968 tremiscit:

227 1007 300 1079 Nec,
313 1026 372 1085 quo
384 1007 412 1067 se
424 1008 537 1087 eripiat,
556 1028 619 1081 nec,
633 1012 691 1086 qul
703 1010 732 1069 vi
747 1012 846 1069 tendat
856 1012 889 1069 iu
902 1012 1028 1082 hostem,

225 1108 292 1169 Nec
303 1130 402 1171 currus
414 1130 534 1189 nequem
546 1112 634 1183 videt,
653 1112 818 1189 aurigamve
830 1112 962 1172 sororem.

265 1212 422 1271 Cundinnti
436 1214 525 1271 telum
537 1214 648 1273 AEnenr
659 1214 747 1273 fatale
758 1216 893 1283 coruscat,

225 1312 349 1373 Sortitur
360 1314 506 1375 fortunam
518 1316 622 1388 oculis;
643 1326 674 1374 et
685 1336 802 1395 corpore
814 1327 876 1375 toto

227 1414 347 1475 Eurinus
359 1416 513 1493 intorquet.
554 1418 661 1477 Murali
674 1418 786 1477 concita
799 1438 959 1495 numquam

223 1518 384 1577 Turmeuto
396 1518 435 1577 tic
447 1519 512 1579 saxa
525 1520 663 1590 fremunt,
682 1539 736 1580 uec
748 1521 870 1580 fulmine
882 1524 957 1580 tanti

226 1620 387 1682 Dissultent
399 1622 531 1701 crepitus.
563 1623 660 1693 Volat,
680 1622 736 1681 atri
749 1624 869 1683 turbinis
880 1624 977 1696 instar,

227 1723 358 1785 Exitium
371 1724 466 1783 dirum
480 1724 555 1782 halin
569 1725 676 1796 fereus5
696 1744 815 1801 oraeque
827 1726 950 1785 recludit

227 1826 346 1897 muca,
365 1838 395 1886 et
407 1826 491 1904 clipei
503 1836 646 1885 extremos
658 1828 848 1905 septemplicis
860 1829 949 1899 orbim

226 1926 265 1990 Et
277 1930 405 1990 medium
418 1929 534 1988 siridens
548 1930 647 1988 transit
658 1929 762 1988 femur.
802 1930 908 1990 Incidit
920 1931 994 1992 ium

224 2034 333 2110 Ingens
344 2035 381 2092 nd
394 2041 507 2100 terrum,
526 2030 671 2109 duplicato
682 2032 801 2109 poplite,
818 2035 942 2092 Turnus.

226 2136 412 2212 Consurgunt
425 2133 537 2210 gemitu
551 2133 652 2190 Rutuli
657 2158 667 2204 ς
689 2139 822 2211 totusque
834 2137 959 2212 remugit

226 2239 314 2298 Mons
323 2238 442 2305 circum,
451 2245 481 2294 et
489 2253 588 2294 vocem
598 2235 657 2294 late
666 2254 781 2294 nemora
792 2236 849 2294 ulta
859 2239 1026 2301 remittunt.

224 2339 289 2408 Ille,
310 2339 426 2396 humilis
444 2337 628 2414 supplexque,
647 2336 743 2395 oculoe
760 2338 946 2415 dextramque
958 2361 1026 2418 pre-

303 2449 418 2498 cantem

223 2544 408 2612 Protendem,
420 2543 560 2619 Equidem
574 2543 676 2611 merui,
687 2561 740 2600 nec
752 2544 896 2620 deprecor,
910 2546 1024 2623 inquit5

226 2651 317 2708 Utere
329 2648 402 2707 sorte
415 2647 473 2704 tul.
513 2646 614 2704 Miseri
626 2656 656 2703 te
669 2646 688 2703 fi
702 2665 759 2722 qua
771 2649 895 2722 parentis

222 2753 357 2830 Tangere
369 2769 435 2810 cura
448 2751 551 2828 potest3
572 2769 632 2818 oro,
653 2749 724 2824 (fuit
736 2759 766 2807 et
780 2751 835 2834 tibi
847 2751 919 2810 talis'

223 2857 366 2915 Anchises
379 2855 502 2933 genitor)
517 2853 614 2912 Dauni
628 2841 761 2911 miserere
772 2853 903 2925 seuedae3

225 2961 264 3018 Et
276 2979 333 3031 me,
354 2959 404 3018 seu
415 2977 517 3034 corpus
529 2955 681 3033 spoliatum
694 2956 805 3014 lumine
817 2957 916 3025 mavis,

225 3062 324 3120 Redde
336 3062 415 3120 meis.
447 3059 556 3130 Vicisti,
577 3069 607 3117 et
620 3059 728 3116 vidium
742 3061 859 3117 tendere
871 3061 979 3136 palmas

228 3165 346 3221 Ausonii
360 3165 454 3221 videre
462 3188 471 3233 3
493 3172 542 3219 tua
556 3162 595 3218 est
609 3162 731 3218 Lavinia
744 3161 886 3237 conjunx:

246 3263 352 3320 'lteriur
365 3282 402 3320 ne
416 3265 501 3321 tende
514 3263 595 3320 odiis.
637 3261 722 3318 Stetit
734 3280 800 3319 acer
811 3262 844 3320 in
856 3266 941 3321 annis
1050 3250 1054 3257 ⁴
