2509 3875
263 342 318 403 168
512 346 554 405 AE
567 346 599 404 N
611 346 636 405 E
648 346 663 404 1
676 347 704 406 D
716 344 745 403 Ο
759 345 787 414 S,
947 346 1064 411 v.·l77··

263 499 450 575 Hyrtacides;
472 500 608 559 comitem
621 500 725 559 AEneae
736 516 825 576 quem
837 497 951 556 miserat
964 496 1016 553 Ida

262 600 413 668 Venatrix,
429 599 524 678 jaculo
537 602 669 672 celerem,
688 602 854 677 levibusque
867 598 991 676 sagittis,
1057 612 1061 617 ’

262 702 303 760 Et
310 699 393 778 juxta
407 720 500 759 comes
513 704 662 781 Euryalus,
682 722 740 780 quo
753 702 898 779 pulchrior
910 701 983 757 alter
1072 746 1077 753 .

264 804 334 861 Non
348 803 405 861 suit
418 804 592 875 AEneadum,
608 804 732 882 Trojana
747 822 841 880 neque
858 802 956 860 induit
967 816 1045 858 arma
1050 824 1060 872 3

145 932 148 941 ⁴
263 904 324 963 Ora
336 924 407 982 puer
420 906 511 980 prima
529 906 641 982 fignans
654 905 766 963 intonsa
776 904 906 983 juventa.

265 1006 322 1063 His
335 1024 415 1062 amor
427 1025 502 1063 unus
515 1016 584 1078 erat,
604 1008 768 1084 pariterque
780 1007 812 1063 in
825 1006 901 1065 bella
914 1007 1050 1076 ruebant3

264 1108 342 1165 Tum
356 1125 471 1181 quoque
483 1109 631 1165 communi
644 1119 755 1186 portam
769 1108 888 1165 statione
904 1108 1051 1164 tenebant.

233 1197 236 1203 ’
265 1207 354 1267 Nisus
367 1207 422 1265 ait:
444 1208 522 1266 Dine
535 1210 612 1267 hunc
627 1212 756 1268 ardorem
769 1209 913 1267 mentibus
926 1208 1045 1280 addunt,

265 1309 405 1385 Euryale?
427 1328 463 1366 an
476 1309 524 1367 sua
537 1310 642 1385 cuique
654 1311 723 1368 deus
736 1311 771 1367 fit
783 1311 844 1367 dira
856 1309 978 1385 cupido?

265 1411 330 1468 Aut
352 1428 490 1486 pugnam,
518 1420 568 1469 aut
587 1412 696 1487 aliquid
713 1411 774 1488 jam
796 1412 906 1468 dudum
929 1408 1066 1467 invadere

318 1524 320 1531 ’
346 1531 485 1588 magnum

267 1612 353 1672 Mens
367 1614 458 1691 agitat
470 1614 558 1686 mihi,
579 1634 633 1672 nec
643 1614 753 1691 placida
764 1623 898 1672 contenta
908 1613 1005 1690 quiete
1014 1612 1066 1670 est.

269 1715 381 1785 Cernis,
401 1735 464 1792 quae
478 1718 597 1775 Rutulos
610 1717 715 1774 habeat
728 1715 832 1775 fiducia
846 1734 954 1773 rerum:

269 1817 393 1875 Lumina
408 1836 467 1875 rara
481 1818 604 1889 micant3
626 1817 726 1875 somno
739 1820 864 1895 vinoque
877 1815 980 1893 sepulti

269 1920 459 1991 Procubuere3
483 1921 565 1979 filent
578 1922 635 1979 late
647 1921 717 1978 loca,
758 1919 872 1997 Percipe
885 1938 978 1995 porro,
1060 1935 1063 1942 ’

269 2022 352 2080 Quid
365 2023 507 2092 dubitem,
527 2033 556 2080 et
569 2043 634 2098 quae
650 2042 728 2080 nunc
741 2023 838 2080 animo
851 2021 991 2078 sententia
1003 2019 1066 2078 snr-

349 2133 408 2200 gat.

269 2225 384 2282 AEnean
399 2226 487 2283 adcin'
504 2245 610 2295 omnes,
631 2226 819 2302 populusque,
833 2232 997 2301 patresque,

269 2324 447 2401 Exposcunt5
469 2327 604 2404 mittique
617 2330 700 2397 viros,
721 2328 771 2403 qui
785 2336 862 2385 certa
877 2335 1032 2403 reportent.

271 2427 300 2484 Si
314 2427 377 2494 tibi,
397 2447 461 2502 quae
473 2429 566 2505 posco,
586 2430 774 2506 promittunt:
799 2449 868 2488 nam
881 2431 954 2488 mihi
966 2430 1033 2488 faui

270 2529 356 2585 Fama
370 2527 412 2585 sat
425 2531 477 2586 est:
504 2532 616 2588 tumulo
628 2531 726 2590 videor
738 2533 860 2609 reperire
872 2533 926 2590 snb
940 2531 991 2589 illo
1060 2548 1064 2552 ’

270 2629 349 2688 Poffe
361 2629 437 2688 viam
451 2633 486 2690 ad
498 2651 593 2690 muros
605 2641 636 2690 et
648 2633 754 2691 moenia
769 2635 923 2693 Pallantea.

303 2731 473 2808 ¹Obstupuit,
495 2753 600 2810 magno
612 2735 730 2792 laudum
743 2736 885 2811 perculsus
896 2755 1000 2804 amore,
1062 2767 1066 2774 ·

270 2835 423 2911 Euryalus,
445 2834 527 2892 fimul
540 2835 584 2892 his
597 2837 744 2894 ardentem
758 2837 871 2894 adfatur
883 2838 1024 2894 amicum:

271 2939 361 2996 Mene
373 2935 463 3012 igitur
475 2936 582 2996 socium
595 2937 712 2994 summis
723 2937 877 3015 adjungere
889 2942 982 3006 rebus,

270 3042 352 3110 Nise,
370 3042 465 3118 fugis?
486 3040 577 3098 solum
590 3050 619 3097 te
632 3040 663 3097 in
677 3050 757 3098 tanta
768 3042 895 3117 pericula
909 3043 1040 3102 mittam?

269 3143 339 3199 Non
351 3143 392 3200 ita
405 3161 452 3200 me
465 3143 586 3218 genitor,
606 3141 689 3199 bellis
702 3141 844 3214 adsuetus,
864 3143 1016 3220 Opheltes,

269 3245 439 3322 'Argolicum
453 3255 586 3306 terrorem
598 3245 683 3314 inter,
702 3243 854 3322 Trojaeque
866 3244 976 3306 labores

1183 1801 1185 1872 l
