2509 3875
245 315 286 376 26
455 334 460 345 ⁴
506 316 786 387 AENEIDOS,
936 318 1045 377 utin.

244 474 290 532 Sic
303 473 357 535 ait:
380 472 429 531 illa
442 472 565 548 gradum
578 471 672 529 studio
690 472 832 531 celerabat
844 471 925 531 anili.
950 488 953 496 ’

283 579 326 635 At
339 578 458 654 trepida,
477 584 508 633 et
520 575 621 653 coeptia
632 575 798 633 inmanibus
809 575 906 646 effera,
926 575 1014 643 Dido,

245 680 439 758 Sanguineam
451 680 566 738 volvens
578 680 680 747 aciem,
699 679 877 755 maculisque
893 679 1043 738 trementis

245 784 387 843 Intersusa
401 802 497 861 genas,
516 792 546 841 et
559 782 666 859 pallida
678 793 771 841 morte
783 783 891 851 futuri,

244 888 384 947 Interiora
397 888 500 945 domlls
511 886 654 963 inrumpit
666 886 777 953 limina,
796 896 827 943 et
838 887 911 945 altos

245 991 419 1051 Conscendit
431 990 586 1049 furibunda
598 1008 690 1066 rogos,
709 989 864 1065 ensemque
875 990 999 1054 recludit

245 1096 434 1164 Dardanium,
455 1112 514 1152 non
527 1094 578 1152 hos
591 1093 741 1169 quaesrtum
753 1112 857 1151 munus
869 1094 901 1151 in
914 1092 990 1151 usus.

241 1200 313 1265 Hic,
333 1198 481 1276 postquam
493 1196 594 1255 Iliacas
606 1196 698 1267 vestis,
718 1206 877 1273 notumque
889 1195 994 1265 cubile,

245 1302 411 1379 Conspexit,
431 1300 560 1377 paullum
572 1299 697 1357 lacrimis
709 1310 740 1358 et
751 1310 849 1357 mente
861 1309 980 1369 morata,

242 1404 438 1481 incubuitque
451 1414 523 1472 toro,
542 1402 674 1479 dixitque
687 1402 835 1461 noviffima
847 1405 949 1461 verber

284 1509 391 1568 Dulces
403 1507 523 1577 exriviae,
544 1507 614 1564 dum
627 1506 687 1565 sata
700 1508 827 1583 deusque
839 1506 977 1576 sinebant,

245 1612 384 1690 Adcipite
396 1611 470 1669 hanc
483 1610 618 1679 animam,
637 1629 741 1687 meque
754 1611 798 1667 his
810 1610 947 1669 exsolvite
957 1606 1041 1668 curis

244 1716 324 1785 Vixi,
344 1724 383 1785 et,
403 1732 490 1791 quem
502 1716 618 1773 dederat
630 1715 745 1772 cursum
755 1714 888 1785 Fortuna,
907 1714 1006 1792 peregi
1012 1738 1021 1785 5

246 1822 283 1881 Et
296 1838 374 1879 nuuc
386 1838 492 1895 magna
504 1818 563 1877 mei
576 1818 629 1877 sub
640 1827 728 1876 terras
740 1818 796 1875 ibit
808 1819 915 1896 iruago.
985 1831 987 1834 ’

240 1925 357 1984 Urbem
370 1924 534 2002 praeclaram
547 1922 645 1982 statui:
667 1942 731 1982 mea
743 1922 850 1980 moenia
862 1922 936 1979 vidi:

245 2029 317 2088 Ulta
329 2030 433 2099 virum,
453 2047 550 2106 poenas
563 2027 683 2085 inimico
695 2046 713 2084 a
725 2026 813 2084 fratre
825 2025 936 2101 recepi:

238 2131 337 2201 Felix,
357 2133 428 2191 heul
450 2131 574 2189 nimium
587 2129 669 2197 felix,
691 2129 807 2187 srlitora
820 2137 934 2186 tantum

245 2237 416 2311 Numquam
429 2233 582 2292 Dardanias
595 2231 753 2308 tetigissent
765 2232 857 2289 nostra
869 2232 986 2289 canna!

239 2338 343 2398 Dixit:
365 2346 404 2405 et,
417 2355 449 2394 os
461 2336 581 2413 inpressa
595 2345 666 2405 toro,
686 2334 849 2393 Moriemur
859 2335 978 2392 inultael

245 2443 300 2500 Sed
312 2442 476 2508 moriamur,
496 2439 546 2497 ait.
580 2439 636 2508 Sic,
656 2439 693 2496 lic
702 2437 785 2515 juvat
797 2439 839 2496 ire
851 2439 905 2497 sub
916 2441 1040 2498 umbras

244 2543 369 2603 Hauriat
380 2543 458 2601 hunc
470 2542 560 2601 oculis
573 2541 673 2619 ignem
685 2543 808 2600 crudelis
820 2545 858 2601 ab
870 2543 929 2601 alto
988 2602 989 2609 χ

244 2647 403 2718 Dardanus,
424 2656 454 2704 et
466 2647 566 2704 nostras
579 2645 676 2705 secum
690 2646 763 2704 ferat
774 2646 872 2705 omina
885 2647 995 2709 mortis.

283 2751 418 2812 Dixerat:
441 2759 527 2826 atque
539 2749 630 2820 illam,
650 2749 744 2807 media
757 2749 833 2808 inter
846 2750 913 2808 talia
926 2751 1002 2808 ferro

244 2854 425 2924 Conlabsam,
448 2853 609 2932 adspiciunt
626 2854 755 2924 comites,
774 2854 927 2930 ensemque
939 2873 1040 2914 cruore

245 2961 440 3036 Spumantem,
453 2957 615 3036 sparsasque
628 2977 738 3016 manus.
772 2958 801 3015 It
812 2958 920 3015 clamor
931 2959 968 3016 ad
981 2958 1039 3017 alta

244 3063 341 3120 Atria:
352 3103 354 3113 ι
364 3061 525 3120 concussam
537 3062 693 3121 bacchatur
705 3062 791 3120 Fama
803 3079 855 3137 per
866 3063 976 3120 urbem.

226 3225 229 3235 ,
244 3165 399 3236 Lamentis,
421 3165 598 3242 gemituque,
617 3176 648 3223 er
662 3164 788 3224 femineo
802 3165 914 3223 ululatu

242 3269 330 3328 Testa
341 3270 481 3327 fremunt:
497 3269 609 3328 resonat
619 3271 731 3349 magnis
742 3268 926 3349 plangoribus
936 3267 1037 3327 aetber:
