2509 3875
265 315 321 368 142
520 310 796 382 AENEIDos,
952 321 1058 386 v.27s.

265 464 304 522 Et
316 465 393 524 sacer
404 465 525 543 inplevit
536 469 668 528 dextram
682 468 817 546 scyphus:
839 468 918 526 ocius
928 487 1029 528 omnes

264 569 301 625 In
314 570 442 626 mensam
453 570 515 628 laeti
526 570 628 641 libant,
649 572 783 647 divosque
794 581 955 648 precantur.

264 708 271 739 1
307 673 423 731 Devexo
435 673 543 732 interea
556 675 672 752 propior
684 674 719 732 fit
730 675 839 750 Vesper
851 675 991 753 Olympo;

264 777 387 853 Jamque
400 776 555 834 sacerdotes
567 778 732 854 primusque
745 777 866 836 Potitius
878 777 969 846 ibant,

265 879 389 939 Pellibus
401 879 432 936 in
445 898 555 938 morem
566 881 663 950 cindti,
682 881 866 957 flammasque
879 881 1019 940 serebant.

264 982 424 1040 Instaurant
436 983 543 1060 epulas,
562 993 593 1041 et
604 983 711 1042 mensae
723 993 803 1060 grata
816 984 946 1042 secunda

263 1085 349 1142 Dona
361 1086 466 1153 serunt,
486 1087 691 1162 cumulantque
709 1086 833 1144 oneratis
845 1086 974 1144 lancibus
986 1105 1056 1146 aras.

263 1188 341 1255 ,Tum
355 1189 424 1246 Salii
436 1190 473 1246 ad
485 1199 594 1257 cantus,
613 1189 729 1247 incensa
741 1189 840 1248 altaria
852 1190 970 1258 circum,

263 1291 394 1366 Populeis
405 1292 506 1348 adsunt
518 1291 625 1350 eundi
638 1301 765 1368 tempora
778 1293 875 1364 ramis3

263 1393 322 1452 Hic
326 1393 466 1470 juvenum
475 1395 587 1464 chorus,
599 1395 650 1452 ille
660 1394 773 1454 senum:
795 1396 847 1471 qui
859 1396 984 1454 carmine
995 1395 1057 1456 lau'·

315 1536 318 1542 ·
338 1499 387 1556 des

262 1601 426 1670 Herculeas,
444 1603 570 1671 eulasia,
590 1603 700 1660 serunt:
722 1610 757 1660 ut
767 1603 859 1680 prima
872 1621 999 1662 novercae

261 1705 388 1765 Monstra
407 1724 504 1775 manu,
525 1706 712 1783 geminosque
730 1725 862 1783 premens
881 1705 986 1764 eliserit
1003 1721 1055 1764 an·

329 1809 414 1885 <galat

259 1911 304 1971 Ut
315 1913 392 1973 bello
404 1913 532 1992 egregias
544 1913 622 1973 idem
635 1912 776 1991 disjenmst
787 1913 874 1982 urhis,

258 2017 440 2095 Trojamque,
454 2019 692 2093 OEchaliamque:
715 2027 748 2074 ut
758 2018 842 2075 duros
852 2015 930 2075 mille
942 2016 1052 2076 labores

258 2121 338 2198 Rege
350 2122 402 2181 sub
414 2121 581 2197 Eurystheo,
600 2120 667 2177 satis
679 2120 800 2197 Junonis
812 2120 929 2195 inique,

258 2224 420 2284 Pertulerit:
441 2224 489 2281 Tu
501 2224 669 2299 nubigenas,
688 2222 803 2292 invide,
823 2222 999 2292 bimembris,

257 2328 460 2403 Hylaeumque,
473 2326 651 2402 Pholumque
663 2344 760 2394 manu,
780 2334 812 2383 tu
826 2325 920 2384 Cressa
932 2326 1039 2384 mestas

256 2430 398 2506 Prodigia,
418 2438 448 2486 et
462 2429 570 2487 vastum
583 2430 696 2487 Nemes
708 2429 840 2506 sub'rupe
853 2429 982 2487 leonem:

255 2534 300 2591 Te
312 2532 404 2609 stygii
417 2541 559 2590 tremuere
570 2533 658 2602 lacus,
679 2542 707 2590 te
715 2532 823 2609 janitor
835 2531 917 2601 Orci,

213 2643 216 2649 ⁴
255 2636 323 2715 Ossa
336 2636 419 2713 super
431 2638 661 2693 recubansantro
674 2635 780 2694 semesa
792 2644 924 2697 cruento:

254 2740 321 2799 Nec
333 2750 362 2797 te
374 2739 442 2797 ullae
454 2738 549 2809 sacies,
569 2758 628 2797 non
643 2739 743 2797 terruit
755 2739 815 2815 ipse
826 2739 981 2815 Typhoeus

254 2844 390 2912 Arduus,'
400 2861 478 2900 arma
490 2852 605 2899 tenens:
627 2860 684 2899 non
699 2852 727 2899 te
739 2841 856 2899 rationis
875 2846 1010 2917 egentem

254 2949 387 3005 lerneus
399 2945 483 3003 turbi
496 2945 625 3021 capitum
637 2944 822 3003 circumstetit
834 2944 946 3019 anguis.

254 3050 350 3110 salvet
371 3068 435 3109 vera
449 3049 528 3126 Jovis
540 3049 642 3125 proles,
662 3050 746 3105 decus
760 3048 857 3106 addite
869 3047 942 3104 divis
946 3071 955 3117 ς

251 3154 294 3210 Et'
302 3172 363 3222 nos,
382 3163 413 3210 et
424 3162 473 3210 tua
486 3153 586 3211 dexter
597 3152 645 3210 adi
658 3152 730 3227 pede
742 3151 818 3209 sacra
830 3150 962 3208 secundo.

251 3254 334 3325 Talia
347 3256 522 3315 canninibus
531 3246 690 3329 eelebrent}
702 3254 796 3333 super
808 3251 988 3331 omniaslaci
