2509 3875
205 338 236 383 v.
251 333 318 385 515.
510 328 562 387 LI
575 328 607 386 Β.
647 328 701 388 ΙΧ.
950 324 1003 386 ier

207 479 272 538 Nec
281 479 343 557 jam
356 480 514 541 sufficiunt:
537 502 614 554 nam,
634 482 693 559 qua
706 482 808 559 globus
820 481 946 541 inminet
957 481 1008 559 in·¹

285 602 366 659 gens,

207 684 358 742 inmanem
371 686 477 743 Teucri
489 687 595 744 molem
608 686 794 761 volvuntque,
813 694 960 761 ruuntque
964 710 973 756 3
1066 756 1070 767 1

208 785 284 843 Quae
297 786 394 845 stravit
407 787 530 845 Rutulos
542 788 609 856 late,
629 805 832 862 armorumque
844 786 959 843 resolvit

206 888 358 963 Tegmina.
398 890 463 946 Nec
476 898 577 947 curant
590 908 665 946 caeeo
681 889 855 945 contendere
869 888 966 945 Marte

207 989 342 1065 Amplius
355 990 475 1049 audaces
488 990 600 1061 Rutuli,
620 990 669 1050 sed
680 991 787 1067 pellere
799 990 875 1049 vallo
905 1038 907 1044 .

205 1090 363 1163 Miffilibus
375 1100 495 1151 certant.

83 1216 87 1223 ⁴
206 1194 289 1250 Parte
301 1193 366 1263 alia,
386 1193 542 1251 horrendus
555 1194 626 1263 visu,
646 1194 792 1271 quassabat
805 1192 954 1252 Etruscam

206 1293 320 1364 Pinum,
341 1303 371 1351 et
384 1294 534 1353 fumiferos
546 1295 635 1354 infert
646 1295 809 1355 Mezentius
821 1294 911 1371 ignis:

206 1396 250 1453 At
262 1395 414 1471 Mell‘apus,
434 1397 541 1473 equum
555 1398 688 1468 domitor,
708 1398 858 1473 Neptunia
870 1398 972 1475 proles,

207 1496 355 1559 Rescindit
367 1498 484 1567 vallum,
503 1507 534 1555 et
546 1499 633 1557 scalas
643 1499 676 1557 in
689 1500 794 1558 moenia
806 1500 906 1576 poscit.

245 1600 315 1667 Vos,
334 1600 507 1677 oCalliope!
529 1618 637 1677 precor,
657 1600 796 1675 adspirate
809 1600 938 1670 canenti3

209 1700 292 1757 Quas
304 1700 345 1757 ibi
357 1710 425 1759 tunc
438 1702 514 1759 ferro
526 1702 639 1779 strages,
658 1721 726 1777 quae.
736 1702 845 1769 funera,
858 1699 974 1759 Turnui

206 1801 350 1859 Ediderit:
372 1822 458 1878 quem
470 1803 590 1879 quisque
602 1803 698 1861 virum
714 1803 857 1861 demiserit
871 1804 962 1876 Orco,

206 1904 245 1962 Et
257 1922 371 1962 mecum
383 1904 510 1982 ingentia
524 1924 585 1963 oras
598 1903 721 1962 evolvite
732 1902 815 1962 belli:

206 2007 244 2064 Et
255 2007 424 2065 meministis
436 2007 523 2074 enim,
547 2007 630 2074 divae,
649 2016 680 2064 et
692 2023 848 2064 memorare
864 2004 988 2082 potestia.

244 2109 345 2168 Turris
358 2119 427 2179 erat,
441 2109 516 2167 vasto
530 2108 658 2185 suspectu
670 2117 701 2165 ct
712 2107 848 2183 pontibus
860 2106 935 2175 altis,

206 2209 376 2288 Opportuna
388 2212 466 2282 loc03
489 2210 606 2269 summis
618 2230 707 2286 quam
718 2209 826 2268 viribus
838 2228 938 2268 omnes

205 2314 377 2391 Expugnare
390 2313 466 2382 Itali,
486 2313 654 2389 summaque
667 2322 792 2370 evertere
805 2332 893 2388 opum
906 2313 936 2372 vi

205 2416 375 2476 Certabant:
397 2417 486 2474 Trois
498 2425 596 2474 contra
609 2416 761 2474 defendere
774 2414 857 2484 saxis,

206 2519 315 2594 Perque
328 2537 409 2578 cavas
422 2519 498 2576 densr
513 2519 569 2576 tela
583 2519 748 2595 intorquere
759 2520 906 2578 fenestras.

206 2619 338 2697 Princeps
351 2621 499 2678 ardentem
512 2619 634 2696 conjecit
646 2622 777 2698 lampada
789 2623 915 2686 Turum,

206 2721 245 2778 Et
257 2722 404 2780 flammam
416 2722 518 2780 adfixit
530 2723 628 2792 lateri3
650 2742 714 2799 quae
726 2723 848 2798 plurima
862 2730 948 2778 vento

200 2807 358 2899 ¹Conripuit
372 2825 490 2893 tabulas,
510 2834 540 2882 et
553 2825 677 2901 postibus
690 2825 769 2882 haefit
782 2824 878 2881 adefis.

204 2924 327 2984 Turbati
341 2925 481 3002 trepidare
493 2926 581 2994 intus,
602 2926 760 3000 frustraque
773 2924 916 2980 malorum

204 3024 288 3083 Velle
308 3026 418 3103 fugam.
458 3029 536 3086 Duru
554 3027 581 3086 se
599 3030 770 3104 glomerant,
789 3034 921 3097 retroque
933 3024 1000 3087 reti·

285 3129 358 3186 dunt

204 3229 239 3288 In
251 3239 373 3308 partem,
392 3251 456 3308 quae
469 3231 545 3310 peste
558 3240 648 3302 caret,
671 3239 733 3290 tum
745 3228 870 3306 pondere
885 3230 970 3288 turria
