2509 3875
216 311 325 384 nom
491 316 617 374 mu.
656 316 709 375 xr.
738 323 742 327 ·
954 305 1014 381 2⁵⁵2

217 468 338 545 Ignotis,
355 476 384 526 et
397 488 471 545 equo
482 480 600 529 venator
613 473 731 549 Iapyge,
751 471 856 530 fertur:
880 481 883 487 ‘
1001 503 1004 510 ·

219 570 276 627 Cui
288 571 370 647 peliis
382 571 453 629 latos
466 572 607 644 humeros,
628 585 724 650 erepta
733 572 867 650 juvence,

219 674 374 750 Pugnatori
386 674 490 750 operit,
511 689 597 752 caput
610 675 713 751 ingens
725 676 781 733 oris
793 676 899 745 hiatus,
999 688 1007 694 ’·

219 776 256 832 Et
270 776 352 833 malae
366 786 462 833 texere
474 776 545 853 lupi,
564 796 631 834 cum
644 777 777 835 dentibus
790 779 862 835 albis
867 803 876 849 3

217 878 400 953 Agrestisque
412 898 512 936 manus
525 890 615 937 armat
629 879 737 954 sparus:
760 880 820 960 ipse
832 880 953 939 casaris

217 980 347 1039 Vertitur
359 981 391 1038 in
403 980 512 1049 mediis,
533 991 562 1037 et
575 991 637 1038 toto
648 982 754 1039 vertice
766 982 850 1058 supra
862 982 911 1040 est.

217 1084 305 1141 Hunc
324 1084 374 1141 illa
396 1071 558 1159 exceptum,
583 1102 676 1158 neque
696 1084 777 1142 enim
793 1082 874 1142 labor
894 1086 1010 1162 agmine

292 1186 380 1255 versu,
745 1235 749 1240 .

199 1362 201 1369 γ
215 1289 350 1368 Trajicit;
372 1298 401 1348 et
414 1290 497 1365 super
510 1288 571 1347 haec
583 1282 703 1345 inimico
715 1271 827 1365 pedore
840 1290 928 1348 satur:

216 1392 298 1450 silvis
312 1402 350 1461 te,
362 1391 518 1469 Tyrrhene,
538 1390 613 1447 ferat
625 1389 734 1466 agitare
745 1391 869 1466 putasti?

213 1492 343 1553 'Advenit
356 1493 406 1570 qui
419 1493 505 1551 vestra
519 1488 578 1549 dics
591 1492 776 1549 muliebribus
787 1493 875 1550 armis

216 1595 311 1653 Verba
323 1592 508 1672 redarguerit.
547 1594 664 1651 Nomen
684 1602 782 1651 tamen
793 1594 871 1653 hond
883 1597 945 1656 leve
957 1617 1008 1675 pa·

331 1707 407 1756 trum

214 1801 352 1860 Manibus
365 1802 419 1859 hoc
431 1801 543 1869 referes,
563 1800 622 1857 telo
633 1790 764 1857 cecidisse
776 1801 916 1860 Camillae.

254 1907 390 1965 Protenns
411 1903 604 1974 Orsrlochutn,
626 1913 657 1960 ct
675 1904 778 1975 Buten,
805 1905 863 1963 duo
881 1905 1006 1966 maxima

231 2062 235 2066 .
328 2007 476 2068 Teucrum

213 2116 354 2191 Corpora:
377 2112 427 2171 sed
438 2105 531 2169 Buten
545 2110 673 2168 aversum
686 2109 801 2187 cuspide
813 2111 888 2180 fixit,

213 2215 344 2275 ioricam
356 2211 523 2292 galeamque
535 2215 618 2283 inter,
639 2214 696 2289 qud
707 2215 780 2271 colla
792 2213 915 2273 sedentis

209 2317 335 2392 Lucent,
355 2330 384 2378 et
395 2319 467 2377 laevo
480 2318 622 2394 dependet
634 2336 731 2392 parma
743 2317 862 2376 lacerto:

211 2421 402 2490 Orsilochum,
421 2420 545 2498 fugiens,
564 2439 760 2498 magnumque
773 2421 880 2499 agitata
896 2441 947 2499 per
958 2441 1003 2481 or·

288 2529 363 2594 bem,

211 2628 311 2687 Eludit
324 2647 395 2706 gyro
407 2627 534 2696 interior,
554 2627 736 2704 sequiturque
748 2628 930 2705 sequentern;

211 2733 290 2788 'l'um
304 2732 426 2790 validam
443 2750 550 2808 perque
566 2751 644 2789 arma
657 2731 727 2799 viro,
749 2750 857 2808 perque
874 2732 940 2801 ossa,
959 2732 1002 2788 se·

213 2855 216 2862 ¹
287 2834 388 2902 curim,

210 2936 307 2994 Altior
319 2937 479 3014 exsurgens,
498 2937 601 3007 oranti,
622 2946 652 2994 et
664 2937 755 2994 multa
770 2936 907 3012 precanti,

210 3040 416 3116 congeminat:
437 3041 537 3098 volnus
549 3041 643 3099 calido
656 3041 729 3116 rigat
743 3058 792 3096 ora
804 3041 929 3096 cerebro.

247 3143 354 3201 Incidit
367 3143 445 3212 huic,
461 3143 611 3219 subitoque
624 3142 758 3218 adspestu
772 3141 885 3200 territus
898 3142 987 3213 haetit,

208 3244 445 3322 Appenninicolae
457 3245 577 3304 bellator
590 3245 667 3302 filius
679 3244 769 3312 Auni,
