2509 3875
223 358 253 401 n.
266 338 335 412 676.
534 342 588 401 LI
600 344 635 401 B.
674 344 713 403 X.
968 348 1029 415 219

224 500 314 559 Terra
327 498 417 556 mihi?
438 518 488 558 voc
500 519 518 558 o
530 500 627 577 potius
639 499 820 570 miserescite,
840 498 935 557 venti!

224 603 260 659 In
274 620 367 679 rupes,
387 601 420 661 in
433 603 508 672 saxa,
531 604 643 678 (volens
655 623 704 661 voe
715 604 833 660 Tunius
848 602 948 675 adoro)

225 703 309 763 Ferte
321 714 422 775 ratem,
443 704 579 781 saevisque
592 705 674 766 vadia
684 703 827 763 inmittite
839 704 938 780 Syrtis,

226 809 297 867 Quo
310 825 404 883 neque
416 826 463 865 me
474 806 585 877 Rutuli,
598 826 653 865 nec
665 806 778 865 conscia
791 807 869 865 fama
883 805 1025 881 sequatur.

226 910 298 969 Haec
318 928 489 980 memorans,
508 911 607 969 animo
625 928 704 969 nunc
719 910 786 979 huc,
807 927 885 968 nunc
904 908 1027 967 fluctuat

259 1052 263 1061 -
303 1012 390 1085 illuc5

225 1116 275 1174 An
288 1115 347 1174 sese
360 1134 506 1186 mucrone,
526 1119 564 1175 ob
578 1125 691 1175 tantum
704 1117 827 1175 dedecus
841 1134 948 1187 amens,

225 1219 341 1287 Induat,
361 1228 391 1277 et
403 1219 524 1277 crudum
537 1238 589 1297 per
600 1217 800 1296 costae'exigat
813 1220 923 1279 ensem:

225 1320 371 1378 Fluctibus
383 1339 420 1379 au
429 1319 518 1397 jaciat
532 1321 643 1391 mediis,
662 1332 694 1381 et
705 1321 792 1381 litora
804 1323 901 1381 nando

225 1425 321 1483 Curva
332 1424 627 1500 petat‚Teucrt1mque
635 1425 739 1483 iterum
750 1423 780 1482 se
789 1426 889 1484 reddat
898 1424 930 1484 in
939 1443 1026 1483 arma.

224 1528 284 1588 Ter
296 1535 415 1584 conatus
429 1534 583 1602 utramque
595 1525 687 1583 viam:
709 1534 754 1585 ter
766 1526 900 1585 maxuma
911 1529 989 1605 Juno

226 1628 393 1699 Continuit;
411 1627 615 1705 juvenemque,
628 1615 720 1686 animi
730 1626 872 1698 miserata,
889 1630 1024 1707 reprcllit.

226 1731 347 1795 Labitur
359 1732 417 1791 alta
430 1730 526 1789 secans
541 1730 699 1805 flnbtuque,
718 1728 854 1807 aestuque,
874 1730 1012 1790 secundo:

225 1834 264 1893 Et
276 1833 364 1911 patris
376 1833 525 1910 antiquam
539 1833 637 1891 Dauni
649 1833 780 1891 defertur
793 1833 830 1891 ad
844 1835 955 1892 urbem.
1024 1842 1028 1848 ’

264 1939 307 1996 At
319 1935 400 2015 Jovis
412 1935 521 1994 interea
533 1934 653 1994 monitis
665 1935 831 1994 Mezentius
842 1937 944 1995 ardena

225 2042 356 2100 Succedit
369 2039 485 2117 pugna,
497 2040 682 2113 Teucrosque
695 2038 808 2096 invadit
814 2035 940 2107 ‘ovantia

225 2145 410 2202 Concurrunt
422 2141 580 2218 Tyrrhenae
593 2140 677 2211 acies,
697 2150 785 2216 atque
792 2141 932 2200 ‘omuibus'
944 2144 1006 2212 uni,

224 2246 288 2306 Uni
301 2245 429 2321 odiisque
442 2244 512 2312 viro,
533 2242 655 2318 telisque
668 2242 875 2318 frequentibus,
897 2244 1013 2308 instant.

224 2350 288 2420 llle,
307 2349 387 2407 velut
400 2366 494 2424 rupes,
515 2346 623 2404 vatium
637 2365 702 2422 quae
715 2346 811 2422 prodit
823 2347 854 2405 in
867 2367 973 2425 aequnr,

225 2453 320 2511 Obvia
334 2459 488 2511 ventorum
500 2448 593 2522 furiis,
613 2449 784 2525 expostaque
796 2462 896 2527 ponto,

225 2554 295 2612 Vim
309 2553 443 2612 cundiam
454 2561 542 2627 atque
555 2550 648 2609 minae
666 2552 774 2628 perfert
791 2553 913 2630 coelique
926 2556 1025 2614 maria·

305 2675 370 2732 que,

225 2757 289 2834 Ipsa
299 2757 409 2816 inmota
420 2775 552 2828 manens,
569 2757 678 2833 prolem
688 2756 882 2828 Dolichaonis,
891 2759 1026 2820 Hebrum

226 2860 333 2918 Sternit
346 2859 437 2932 humi,
458 2878 526 2918 cnm
538 2877 596 2934 quo
609 2860 762 2934 Latagum,
776 2859 965 2934 Palmumque
977 2861 1026 2918 fu·

304 2981 419 3040 gacem:

226 3063 280 3124 Sed
292 3067 434 3142 Latagum
444 3063 520 3132 saxo,
534 3073 621 3138 atque
631 3062 743 3138 ingenti
755 3061 899 3139 fragmine
909 3066 1027 3139 montis,

224 3169 357 3245 Occupat
366 3187 406 3235 os,
419 3167 581 3241 faciemque
593 3163 752 3222 adversam:
774 3165 884 3242 poplite
894 3168 1027 3229 Palmum

226 3270 338 3330 Succifo
352 3269 428 3338 volvi
441 3267 558 3345 segnem
572 3265 653 3339 finit3
673 3284 809 3344 armaque
821 3270 914 3328 Lauso
