2509 3875
233 328 293 383 2³4
493 322 768 393 AENEIDOS,
923 332 1037 385 v.l21,

237 476 429 555 Converiique
441 476 538 537 oeulos
551 477 628 537 inter
640 479 678 549 se,
697 488 784 555 atque
795 498 854 549 ora,
873 481 1024 541 tenebant.

234 580 313 643 Tum
326 579 427 648 senior,
447 579 615 657 semperque
630 580 704 639 odiis
715 592 746 639 et
758 581 880 641 crinine
892 583 1024 643 Drances

236 682 369 743 Infensus
377 682 478 761 juveni
490 684 600 753 Turno,
621 684 659 742 fic
670 703 721 743 ore
732 684 854 745 vicium

236 788 308 847 Orsa
321 788 422 847 refert:
445 788 473 847 Ο
487 787 565 845 fami
576 786 689 863 ingena
708 788 855 865 ingentior
865 789 961 860 armis,

236 892 291 951 Vir
302 891 438 969 Trojanei
460 890 565 967 quibus
578 891 652 949 coelo
663 901 693 949 te
704 891 836 950 laudibus
848 896 976 969 uquem?

236 996 394 1075 Justitiaene
406 995 485 1073 prius
498 995 593 1064 mirer,
613 994 720 1053 belline
731 994 878 1055 lnbomrn?

235 1100 300 1161 Nos
312 1118 380 1159 vern
391 1099 453 1157 haec
466 1098 587 1174 patriam
600 1097 676 1175 grati
688 1098 843 1157 referemus
854 1100 892 1157 ad
901 1101 1020 1159 urbem:

236 1203 276 1261 Et
289 1212 327 1271 te,
347 1202 370 1263 sr
381 1220 438 1277 qua
451 1200 529 1259 viem
540 1200 653 1259 dederit
666 1201 791 1270 fortuna,
812 1202 916 1261 Latino

236 1306 396 1383 Jungernua
408 1304 478 1381 regi.
519 1305 640 1363 Quaernt
651 1304 705 1363 tibi
716 1305 823 1365 foedera
832 1307 958 1365 Turnus.

238 1408 322 1467 Quin
335 1417 366 1467 et
376 1407 473 1467 fatalia
485 1426 633 1469 murorum
643 1409 781 1467 adtollere
792 1408 891 1479 molen,

237 1512 367 1587 Saxaque
379 1511 541 1603 subvedtare
553 1511 679 1571 humeris
690 1512 822 1590 Trojaua,
838 1510 962 1590 juvabit.

237 1614 359 1675 Dixerat
371 1616 441 1687 haec,
455 1634 570 1692 unoque
583 1634 681 1677 ornnes
691 1617 792 1674 eadem
802 1634 851 1674 ore
862 1617 1037 1678 fremebant.

238 1719 379 1781 flirsenos
391 1720 526 1799 pepigere
538 1720 610 1790 dieu
632 1728 672 1788 et,
690 1738 761 1795 pane
772 1717 921 1795 sequestri,

237 1825 290 1883 Per
303 1824 383 1885 salvas
390 1823 505 1895 Teucri,
525 1822 668 1899 mixtique
679 1822 790 1900 inpune
802 1823 909 1891 Latini,

238 1928 373 1989 Erravere
381 1926 469 2006 jugis.
508 1928 593 1986 Ferro
606 1926 687 1986 sonat
699 1926 757 1986 tea
767 1926 888 2004 bipenni

237 2033 390 2104 Fraxinum
411 2041 553 2102 evertunt,
574 2032 650 2090 aetas
662 2032 699 2089 ad
711 2031 809 2099 fidera,
827 2030 927 2107 pinus3

238 2136 350 2194 Robora
363 2155 416 2194 uec
428 2135 537 2204 cuneis,
556 2145 585 2192 et
598 2136 725 2193 olentem
737 2133 865 2192 scindere
876 2134 1005 2205 cedrum,

237 2239 301 2298 Nec
314 2238 444 2314 plaustris
455 2237 561 2296 ceffant
573 2239 684 2296 vectare
696 2237 878 2314 gementibus
889 2256 983 2296 ornos.

276 2343 314 2399 Et
322 2341 383 2418 jam
397 2343 483 2399 Fama
494 2341 602 2410 volans,
621 2341 696 2398 tanti
708 2341 868 2417 praenuntia
880 2341 984 2412 ludria,

236 2445 411 2512 Evandrum,
429 2444 610 2519 Evandrique
622 2445 730 2513 domoc,
749 2454 780 2502 et
792 2445 907 2513 moenia,
926 2444 1018 2521 replet
1023 2469 1034 2517 3

238 2548 314 2606 Quae
326 2547 412 2606 modo
424 2545 561 2604 victorem
573 2546 657 2604 Latio
670 2546 797 2604 Pallanta
809 2547 929 2604 ferebat.

236 2651 363 2712 Arcades
375 2650 412 2708 ad
424 2657 519 2726 portas
532 2667 621 2720 ruere,
642 2658 674 2706 et
686 2650 722 2707 de
735 2669 814 2708 more
826 2648 936 2707 vetusto

236 2757 377 2814 Fruereaa
388 2771 506 2830 rapuere
518 2752 603 2812 faces.
644 2754 736 2811 Lucet
747 2752 794 2810 via
807 2753 896 2829 longo

237 2858 348 2918 Ordine
361 2857 553 2924 flammarum,
572 2864 602 2913 et
614 2855 672 2912 late
683 2853 861 2913 discriminat
873 2873 964 2932 agros.

236 2964 355 3031 Contra,
364 2962 447 3019 turba
455 2960 602 3036 Phrygum
609 2959 727 3016 veniens
734 2958 901 3034 plangentia
904 2957 1037 3035 jungunt

236 3065 374 3142 Agmina.
413 3065 488 3122 Quae
501 3064 561 3138 post
574 3081 662 3138 quarn
673 3070 778 3120 matres
790 3060 939 3119 succedere
951 3060 1034 3120 teeti·

235 3168 387 3236 Viderunt,
406 3168 532 3225 maestam
546 3166 706 3223 incendunt
719 3165 891 3223 clamoribus
902 3165 1013 3223 urbem.

276 3271 318 3331 At
331 3288 388 3329 non
402 3271 564 3330 Evandrum
577 3269 654 3348 potis
664 3269 704 3327 est
716 3267 759 3326 vie
769 3267 829 3325 ulla
842 3275 954 3336 tenere;
