2509 3875
298 370 353 434 ¹9⁸
557 358 833 432 mutuos,
983 366 1093 417 aare.

335 516 457 587 Interea,
478 518 577 577 Rutuli
590 519 680 598 portia
691 518 802 577 circum
814 516 948 576 omnibus
959 514 1086 585 instant,

297 623 428 679 Sternere
439 622 517 681 caede
529 622 613 695 viros,
633 633 664 682 et
676 622 783 681 momia
795 622 911 698 cingere
923 618 1068 679 flammis:
1093 630 1097 637 '

298 726 341 783 At
353 724 430 803 legio
443 725 618 797 AEneadum,
639 725 721 785 uallis
732 724 849 793 obsessa,
868 732 998 794 tenetur,

297 828 362 885 Nec
376 826 437 905 spes
450 828 510 887 ulla
523 829 617 905 fugae:
640 827 737 897 miseri
749 827 822 885 liant
834 826 961 884 turribus
972 824 1039 884 altis

298 931 514 1009 Nequidquam,
534 942 563 989 et
575 932 640 990 rard
649 950 748 991 murno
757 930 875 988 cinxere
886 928 1006 1000 corond;
1096 953 1099 962 ·

297 1034 382 1092 Asius
395 1034 572 1103 lmbrahdes,
592 1034 837 1111 Hicetaoniusque
847 1034 1026 1109 Thymoetoe,

298 1134 482 1212 Assaracique
494 1138 561 1208 duo,
580 1145 611 1195 et
623 1137 717 1196 senior
728 1158 797 1196 curn
807 1137 922 1196 Castore
928 1136 1099 1212 Thymbria,

297 1238 392 1301 Prima
404 1238 491 1297 acics:
514 1239 575 1307 hos,
595 1242 727 1317 germani
742 1239 911 1318 Sarpedonis
923 1240 1018 1306 ambo,

296 1344 334 1401 Et
347 1342 448 1400 Clarus
461 1352 491 1401 et
499 1342 635 1401 Theman
648 1345 737 1421 Lycih
749 1344 925 1403 comitantur
937 1344 974 1400 ab
985 1341 1057 1401 alti.
1076 1357 1079 1362 ·

296 1447 362 1504 Fert
375 1446 486 1525 ingena,
508 1456 569 1505 toto
582 1446 723 1507 connixus
735 1464 861 1526 corpore,
881 1446 990 1513 saxum,

294 1548 382 1607 Haud
395 1558 507 1625 partem
519 1548 656 1626 exiguam
667 1549 783 1620 montis,
797 1547 958 1626 Lymessiua
967 1548 1097 1630 Acmon,

294 1651 326 1709 N
327 1669 360 1709 ec
373 1649 471 1729 Clytio
485 1652 615 1729 genitore
628 1652 732 1722 minor,
752 1671 805 1710 nec
818 1652 905 1709 fratre
916 1650 1099 1711 Menestheo.

295 1752 338 1811 Hi
347 1752 459 1831 jaculis,
480 1754 523 1813 illi
537 1762 649 1819 certant
661 1753 815 1815 defendere
828 1753 911 1821 saxia,

294 1856 453 1932 Molirique
464 1857 574 1934 ignem,
594 1875 738 1934 nervoque
751 1865 849 1933 aptare
863 1854 988 1931 sagittae.

294 1960 358 2035 lpse
371 1959 448 2018 inter
462 1961 579 2029 medios,
596 1958 715 2018 Veneris
723 1958 872 2037 justillima
885 1976 964 2026 cura,

294 2061 456 2120 Dardanius
469 2072 556 2140 caput
569 2063 648 2120 eccel
670 2079 742 2139 puer
754 2061 881 2120 dete8tua
894 2059 1057 2130 honestum,

295 2165 398 2222 Qualis
411 2182 535 2239 gemma,
549 2163 648 2234 micat,
660 2164 774 2222 fulvum
786 2181 851 2240 quae
864 2161 968 2220 dividit
979 2181 1098 2233 aurum,

294 2267 357 2322 Aut
370 2265 444 2322 collo
457 2266 550 2334 decue,
571 2274 621 2323 aut
640 2264 728 2342 capiti
733 2289 742 2335 3
764 2265 810 2324 vel
823 2265 907 2340 quale
919 2283 970 2342 per
979 2272 1078 2324 artem
1165 2254 1166 2269 ¹

294 2365 442 2424 Inclusum
455 2368 542 2436 buxo,
563 2375 613 2424 aut
625 2366 724 2424 Oricia
737 2367 910 2436 terebintho,

294 2471 384 2527 Lucet
397 2470 481 2526 ebur:
504 2470 579 2528 fusos
592 2470 688 2527 ceruix
700 2471 746 2528 cui
758 2471 849 2528 lanea
862 2470 949 2528 crinis

294 2573 419 2650 Excipit,
438 2581 469 2630 et
482 2573 563 2631 molli
576 2573 744 2633 subnectens
758 2573 883 2632 circulus
895 2593 974 2632 auro.

292 2677 336 2736 Te
349 2695 471 2752 quoque,
485 2675 679 2752 magnanime,
691 2675 834 2744 viderunt,
848 2677 964 2746 Ismare,
977 2683 1081 2752 gentes
1158 2724 1162 2741 ,

293 2781 417 2839 Volnera
431 2777 563 2854 dirigere,
584 2786 613 2835 et
626 2779 749 2840 calamos
770 2797 879 2835 armare
893 2797 1013 2848 veneno,

294 2883 420 2948 Maeonia
434 2881 567 2959 generose
580 2881 679 2941 domo:
700 2879 752 2938 ubi
764 2880 884 2957 pinguia
897 2880 974 2939 culta

294 2989 490 3061 Exercentque
503 2984 567 3052 viri,
587 2982 771 3058 Pactolosque
783 2982 890 3058 inrigat
902 3002 982 3040 auro.

294 3089 399 3147 Adfuit
412 3099 442 3150 et
455 3086 630 3156 Mnestheus,
649 3103 737 3161 quem
749 3085 820 3162 pulsi
833 3085 949 3161 pristina
961 3086 1058 3145 Turni

293 3192 409 3266 Aggere
421 3208 574 3250 moerorum
587 3187 739 3246 sublimem
751 3187 842 3263 gloria
856 3187 946 3244 tollite

293 3291 330 3355 Et
344 3293 453 3368 Capys3
475 3293 543 3354 hinc
557 3311 662 3359 nornen
675 3291 830 3366 Campanae
840 3290 957 3357 ducitur
973 3293 1052 3361 urbi.
