2509 3875
233 344 293 409 230
493 336 769 407 AENEIDOS,
919 337 1031 395 nean:

233 492 272 551 Et
284 490 455 551 circumfuso
467 492 625 553 volitabant
637 492 731 552 milite
741 492 848 551 Volsci.

235 596 323 653 Ecce!
344 594 423 671 fitgae
436 598 539 665 medio,
559 596 678 655 summis
689 597 850 655 Amasenus
862 595 1011 653 abundum

235 698 391 775 spumabat
403 698 490 775 rapis3
512 708 608 757 tantm
621 698 650 756 se
662 700 788 757 nubium
798 698 891 756 imber

234 800 369 876 Ruperat.
409 800 472 871 ille,
491 802 591 859 inuare
603 820 714 877 param,
732 800 852 859 infantis
864 818 959 857 amore

234 902 386 970 Tardatnr,
405 920 526 977 caroque
539 903 619 961 oneri
632 902 725 960 timet.
764 901 873 959 Omnia
886 900 982 958 secum

236 1004 378 1072 Versanti,
398 1003 492 1062 subito
505 1004 553 1063 vix
567 1004 627 1061 haec
640 1004 780 1061 sententia
792 1004 881 1062 sedit:

236 1108 342 1165 Telum
355 1107 480 1175 inmane,
500 1126 588 1165 manu
600 1108 694 1165 validi
706 1108 784 1184 quod
795 1108 870 1165 sorte
883 1108 998 1185 gerebat

236 1208 370 1276 Bellator,
390 1207 511 1266 solidum
525 1209 614 1278 nodia,
634 1221 665 1266 et
677 1212 777 1268 robore
789 1211 884 1281 coeto,

236 1310 316 1369 Huic
328 1317 435 1378 natam,
454 1310 527 1367 libro
540 1321 570 1367 et
583 1310 698 1369 silvestri
710 1311 809 1369 subere
819 1312 952 1379 clausam,

238 1412 372 1489 inplicat,
386 1421 472 1487 atque
485 1392 610 1471 labilem
624 1413 727 1471 mediae
738 1413 919 1491 circumligat
930 1412 1031 1484 hastae3

240 1516 338 1573 Quam
352 1514 451 1573 dextri
463 1514 576 1591 ingenti
587 1514 703 1583 librans,
716 1516 758 1573 ita
770 1517 806 1574 ad
819 1516 924 1573 athera
937 1516 1029 1573 satur:

239 1617 336 1687 Alma,
351 1616 405 1675 tibi
418 1617 500 1686 hanc,
518 1636 668 1675 nemorum
680 1618 793 1687 cultrix,
808 1618 928 1677 Latonia
939 1617 1033 1694 virgo,

239 1720 304 1799 Ipse
315 1730 396 1798 pater
408 1720 545 1779 famulam
559 1738 663 1791 voveo3
685 1730 735 1779 tua
746 1720 838 1798 prima
850 1740 901 1796 per
913 1738 994 1778 aurae

238 1824 311 1882 Tela
325 1832 433 1894 tenens,
447 1822 564 1900 supplex
575 1823 683 1880 hostem
692 1822 779 1899 fugit.
805 1822 926 1900 Adcipe,
938 1822 1035 1892 testor,

240 1925 326 1995 Diva,
338 1934 435 1996 tuam,
455 1946 519 2003 quae
532 1945 609 1983 nunc
626 1924 720 1986 dubiis
732 1925 915 1985 conmittitur
926 1924 1013 1984 auris.

280 2029 374 2098 Dixit,
393 2038 423 2088 et
436 2029 556 2088 adducto
570 2029 733 2086 contortum
744 2028 844 2086 hastile
856 2029 962 2087 lacerto

242 2132 383 2191 Inmittit:
405 2132 523 2191 sonuere
537 2133 635 2189 undae:
656 2131 788 2207 rapidum
801 2132 884 2209 super
895 2151 1010 2190 amnem
1069 2197 1074 2202 ,

242 2235 350 2296 Infelix
363 2235 439 2312 fugit
452 2236 483 2294 in
493 2235 589 2311 jaculo
602 2234 735 2292 stridente
747 2234 879 2293 Camilla.

243 2339 286 2397 At
296 2338 439 2405 Metabus,
453 2339 558 2412 magui
567 2335 683 2413 propius
691 2335 753 2412 jam
763 2344 904 2412 urguente
913 2337 1038 2409 catervi,

243 2439 303 2498 Dat
316 2436 374 2494 sese
386 2436 484 2504 fluvio,
505 2446 590 2512 atque
605 2438 713 2495 hastam
725 2457 792 2496 cum
804 2439 914 2515 virgine
926 2438 1018 2497 victor

244 2538 408 2604 Gramineo,
429 2539 535 2594 donum
545 2538 660 2608 Triviae,
681 2540 717 2596 de
728 2539 832 2616 cespite
844 2541 934 2598 vellit.

245 2644 315 2703 Non
327 2641 411 2700 illum
424 2639 504 2698 testis
517 2640 591 2708 ullae,
612 2659 670 2697 uon
683 2643 833 2712 moenibus,
854 2645 938 2702 urbes

245 2747 404 2823 Adcepcre;
426 2761 520 2818 neque
532 2742 591 2818 ipse
604 2761 704 2800 manus
717 2743 830 2801 feritate
843 2745 976 2816 dediffet5

245 2851 389 2910 Pastorum
402 2857 431 2906 at
444 2845 507 2904 solis
519 2845 615 2921 exegit
628 2845 773 2902 montibus
786 2865 888 2904 aevum.

245 2954 305 3012 Hic
318 2962 423 3019 natam,
442 2949 473 3006 in
487 2947 590 3017 dumis,
611 2947 742 3022 interque
754 2947 898 3008 horrentia
911 2950 1007 3020 lustra,

246 3053 422 3114 Armentalis
434 3071 515 3128 equae
530 3048 671 3116 mammis,
690 3057 721 3106 et
734 3049 807 3107 labie
820 3051 921 3120 ferino,

247 3157 395 3222 Nutribat,
416 3154 519 3213 teneris
532 3152 695 3227 inmulgeus
707 3152 795 3209 ubera
806 3152 901 3210 labris.

246 3257 346 3332 thue
358 3257 464 3332 pedum
476 3253 575 3332 primis
588 3254 684 3312 infans
697 3252 815 3330 vestigia
828 3254 935 3330 plantis
