2509 3875
206 371 234 411 v.
245 363 295 424 9⁵.
497 356 549 414 nr
564 357 596 414 a.
635 358 720 416 vnr.
951 345 1005 416 ras

204 510 245 566 Et
257 507 359 586 longos
371 509 507 588 superant
519 512 619 584 flexus,
639 513 782 589 variisque
796 520 934 590 teguntur

163 626 168 633 ·
204 611 375 682 Arboribus,
389 612 544 690 viridisque
557 614 655 674 secant
667 615 780 691 placido
790 634 903 690 aequore
915 617 1005 674 filvas.

204 713 253 770 Sol
265 714 395 772 medium
409 715 475 772 coeli
488 716 691 775 conscenderat
703 717 804 794 igneus
816 719 928 774 orbem:

205 815 309 873 Quum
321 835 426 887 muros,
439 837 591 893 arcemque
603 819 714 896 procul,
732 838 765 880 ac
777 837 839 876 rara
852 819 1004 878 domorum

202 917 294 975 Taua
306 917 420 990 vident3
442 925 507 994 q‘uae
520 939 598 978 nunc
610 921 739 978 Romana
752 919 880 996 potentia
892 920 965 978 coelo

203 1019 362 1095 AEquavit:
385 1031 447 1078 tum
461 1041 504 1078 res
517 1021 616 1098 inopes
630 1023 774 1080 Evandrus
787 1013 921 1080 habebat.

203 1121 295 1180 Ocius
307 1123 460 1181 advertunt
471 1142 576 1200 proras,
597 1123 718 1200 urbique
730 1123 934 1200 propinquant.

242 1224 326 1282 Forte
339 1225 387 1282 die
399 1225 566 1283 sollemnem
578 1226 629 1282 illo
643 1245 692 1283 rex
705 1227 794 1282 Arcas
808 1225 946 1284 honorem

138 1345 143 1352 ·
203 1326 474 1402 Amphitryoniadae
487 1346 601 1404 magno,
623 1327 763 1402 divisque,
783 1327 894 1385 ferebat

202 1428 285 1486 Ante
297 1430 399 1486 urbem
410 1428 442 1484 in
454 1429 533 1486 luco:
556 1428 648 1486 Pallas
660 1427 728 1485 huic
741 1427 818 1484 filius
831 1428 898 1498 und,

203 1530 272 1588 Una
285 1549 384 1587 omnes
391 1528 532 1606 juvenum
547 1529 643 1605 primi,
663 1548 827 1605 pauperque
841 1529 962 1599 senatus,

202 1633 282 1688 Tura
294 1633 415 1701 dabant5
438 1631 606 1707 tepidusque
623 1649 707 1688 emor
719 1631 850 1689 fumabat
863 1632 899 1693 ad
912 1649 981 1695 aras.

203 1733 247 1790 Ut
259 1731 345 1790 celsas
357 1732 454 1790 videre
469 1743 551 1800 rates,
572 1741 658 1806 atque
670 1731 745 1789 inter
757 1751 879 1808 opacum

203 1835 310 1892 Adlabi
324 1855 435 1904 nemus,
454 1842 484 1891 et
497 1833 591 1891 tacitis
604 1833 771 1890 incumbere
784 1834 882 1903 remim

202 1939 360 1997 Torrentur
371 1937 433 1996 visu
446 1937 549 2005 subito,
569 1933 720 2011 cunetique
734 1933 839 1992 relictis

202 2040 386 2117 Consurgunt
399 2039 510 2097 menfis.
540 2038 647 2095 Audax
660 2056 730 2113 quos
744 2055 875 2112 rumpere
889 2036 980 2096 Pallas
1024 2094 1025 2097 ,

203 2144 285 2200 Sacra
297 2151 384 2211 vetat,
404 2150 543 2217 raptoque
556 2139 635 2197 volat
649 2139 706 2195 telo
719 2137 819 2196 obvius
832 2138 891 2215 ipse
897 2165 906 2209 3

202 2245 240 2301 Et
252 2244 353 2321 procul
365 2262 383 2300 e
395 2243 522 2299 tumulo:
544 2243 678 2319 Juvenes‚
698 2260 762 2317 quae
775 2240 866 2298 caussa
885 2240 999 2319 subegit

201 2347 318 2423 Ignotae
331 2354 441 2403 tentare
452 2344 529 2402 vias?
550 2363 608 2419 quo
621 2343 756 2401 tenditis?
777 2342 873 2419 inquit
880 2368 888 2415 3

203 2449 265 2507 Qui
277 2451 385 2525 genus?
405 2447 482 2505 unde
497 2446 598 2503 domo?
618 2464 756 2524 pacemne
775 2445 832 2503 huc
852 2446 941 2517 fertis,
961 2466 999 2505 an

279 2554 376 2610 arma?

67 2659 127 2680 ---·
201 2654 279 2709 Tum
291 2664 372 2730 pater
384 2654 494 2712 AEneas
506 2652 596 2730 puppi
609 2652 647 2709 sr'c
660 2651 737 2710 fatur
750 2653 786 2709 ab
800 2652 867 2721 alta,

201 2754 390 2831 Paciferaeque
401 2774 490 2813 manu
503 2774 615 2812 ramum
627 2754 779 2829 praetendit
791 2753 890 2811 olivae:

91 2912 103 2924 ,
122 2932 126 2943 Ι
199 2856 386 2933 Troiugenas,
406 2877 439 2916 ac
452 2858 507 2915 tela
521 2857 599 2913 vides
611 2855 730 2912 inimica
743 2854 853 2913 Latinis
858 2878 867 2925 3

201 2961 284 3019 Quos
296 2958 341 3015 illi
353 2960 428 3017 bello
441 2958 576 3035 profugos
589 2976 673 3034 egere
683 2955 811 3033 superbo.

199 3061 364 3120 Evandrum
376 3060 509 3138 petimus.
550 3060 633 3117 Ferte
646 3058 716 3126 haec,
736 3068 765 3114 et
779 3055 868 3113 dicite
880 3055 966 3113 lettos

199 3164 353 3221 Dardaniae
364 3162 469 3221 veniffe
482 3163 577 3230 duces,
596 3159 671 3218 socia
684 3178 762 3217 arma
775 3157 910 3233 rogantis.

173 3268 178 3275 “
200 3264 356 3343 Obstupuit
369 3261 604 3341 tantopercutsus
617 3260 734 3319 nomine
748 3259 851 3319 Pallas:
