2509 3875
259 348 316 400 uu
511 336 787 407 AENEIDOS,
942 343 1059 409 mul.

260 494 447 571 Exsultstque
459 493 571 561 anuuit,
590 502 622 553 et
633 494 682 573 spe
690 492 752 570 jem
767 492 898 571 precipit
909 492 1035 551 hostemx

262 598 374 667 Qualis,
393 597 445 655 ubi
457 596 585 675 abruptis
597 596 676 672 fugit
687 596 823 674 prdepia
833 595 945 663 vinclis,

260 702 392 761 Tandem
404 700 485 768 liber,
505 716 595 774 equus
599 723 608 769 3
630 716 788 774 campoque
798 698 904 773 potitus
916 706 1029 773 aperto,

260 805 323 865 Aut
335 802 384 861 ille
397 800 543 877 inpastus,
563 808 750 876 armentaque
763 800 857 858 tendit
868 816 1017 875 cquamm,

261 909 334 973 Aut,
354 903 485 965 adsuetus
497 922 579 978 aque
592 901 728 979 perfundi
738 902 861 961 flumine
872 913 951 973 uoto,
1031 939 1036 947 -
1069 926 1076 933 ·

262 1008 383 1075 Emicat,
405 1006 579 1082 sdreuisque
591 1005 691 1063 fremit
702 1005 861 1063 cervicibus
871 1005 928 1063 alte

261 1110 435 1179 Luxuriam,
457 1110 618 1184 luduntque
625 1108 704 1185 jubae
715 1128 766 1185 per
778 1109 860 1177 oolla,
878 1127 929 1186 per
940 1124 1046 1168 annos.

301 1212 395 1271 Obvia
408 1210 464 1279 cui,
477 1210 647 1269 Volscorum
658 1212 721 1271 acie
734 1212 900 1280 comitante,
920 1210 1047 1271 Camilla

262 1312 406 1383 Occurrit,
426 1312 570 1389 portisque
583 1316 620 1371 sb
633 1332 708 1389 equo
720 1314 819 1391 regina
830 1314 882 1372 sub
893 1313 959 1389 ipis

260 1414 396 1485 Dcfiluit3
418 1433 505 1491 quam
518 1424 578 1473 tota
590 1415 691 1474 cohors
702 1416 816 1475 imitsta
825 1416 931 1473 reliffu

261 1519 310 1577 Ad
325 1529 428 1577 terrem
441 1518 561 1578 defluxit
572 1517 667 1593 equis:
690 1526 754 1575 tum
766 1518 835 1575 talia
847 1519 938 1576 sature

261 1622 369 1693 Turne,
389 1620 434 1678 sui
448 1620 550 1679 men'to
563 1622 584 1679 fi
598 1638 654 1696 qua
667 1621 707 1679 est
719 1620 824 1679 fiducia
836 1621 915 1690 sorti,

262 1727 376 1793 Audeo,
396 1733 425 1781 et
438 1726 604 1783 AEuesdum
616 1724 753 1799 promitto
766 1742 914 1781 occurrere
926 1732 1038 1793 turmae,

263 1830 383 1903 Solaque
395 1826 558 1903 Tyrrhenos
571 1824 681 1901 equites
693 1824 736 1883 ire
749 1826 833 1884 obvia
846 1834 954 1885 contra.

262 1932 314 1990 Me
328 1930 384 1988 stne
397 1928 490 2008 prims
502 1949 590 1988 mauu
602 1938 712 1988 tentare
723 1928 850 2006 pericula
862 1928 948 1988 belli:

263 2037 309 2093 Tu
323 2034 408 2112 pedes
422 2035 458 2092 ad
470 2053 566 2092 muros
578 2032 699 2102 subfiste,
718 2042 750 2090 et
761 2033 867 2091 moeuis
879 2033 966 2091 serm.

299 2139 414 2194 Turnus
424 2138 460 2194 ad
471 2137 540 2205 haec,
552 2135 649 2192 oculos
658 2135 798 2192 horrendi
808 2135 839 2192 in
846 2135 958 2211 virgine
964 2134 1060 2194 fixus:

261 2239 299 2310 0,
319 2241 403 2298 decus
416 2238 516 2306 Italiae,
535 2239 629 2314 virgo!
652 2257 722 2314 quas
734 2237 828 2296 dicere
843 2238 940 2314 gratis,

262 2343 378 2424 Quosve
387 2342 499 2411 referre,
508 2344 622 2416 parem?
635 2340 683 2398 sed
692 2360 778 2412 nunc,
787 2342 827 2403 est
837 2342 933 2399 omnia
941 2343 1060 2418 quando

207 2521 208 2528 ἵ
261 2445 316 2502 Iste
329 2443 440 2501 animus
454 2444 545 2520 supra,
566 2461 680 2500 mecum
691 2445 796 2519 partire
809 2444 944 2502 laborem.

261 2548 378 2614 AEneas,
398 2555 431 2603 ut
444 2547 521 2604 fama
534 2546 631 2613 fidem,
651 2547 782 2624 miffique
794 2557 939 2624 reportant

263 2651 469 2728 Exploratores,
490 2649 620 2724 equitum
633 2649 707 2709 levia
719 2652 857 2729 inprobus
869 2669 947 2710 arma

264 2754 408 2824 Praemifit,
428 2763 577 2829 quaterent
589 2773 715 2830 campos:
737 2754 796 2831 ipsc
811 2756 898 2813 ardua
910 2753 1018 2812 montis

264 2861 317 2918 Per
329 2857 446 2925 deserta,
462 2855 534 2933 jugo
551 2857 693 2932 superaus,
713 2859 847 2916 adventat
859 2860 894 2916 ad
907 2859 1018 2916 urbem.

263 2963 348 3020 Furta
360 2981 429 3040 paro
442 2961 510 3020 bclli
523 2979 651 3018 convexo
663 2961 694 3018 iu
707 2962 823 3020 tramite
835 2962 919 3031 srlvae,

263 3067 309 3123 Ut
319 3065 412 3124 bivios
421 3075 530 3136 armato
542 3065 668 3122 obfidam
683 3063 777 3122 milite
790 3065 896 3125 fauces.

260 3167 307 3223 Tu
320 3168 501 3243 Tyrrhenum
513 3167 641 3244 equitem
654 3167 773 3226 conlatis
786 3168 886 3244 excipe
898 3166 983 3244 figuis
986 3190 996 3238 3

260 3266 371 3326 Tecum
383 3289 446 3328 acer
458 3271 601 3348 Mcffapus
613 3271 678 3341 erit,
698 3279 855 3347 turmasque
868 3270 989 3344 Lstinae,
1059 3328 1064 3337 ,

1168 1303 1174 1406 l
