2509 3875
214 314 323 375 v.623.
517 318 616 376 LIB.
656 318 711 377 IX.
959 324 1013 375 185

213 471 347 529 Intendit
360 472 461 544 telum,
481 473 646 550 diversaque
662 474 778 533 brachia
791 474 898 532 ducena

214 574 363 643 Constitit,
382 584 450 632 ante
461 577 562 652 Jovem
576 575 696 653 supplex
706 596 758 653 per
768 586 835 634 vota
848 582 991 651 precatus:

213 676 351 763 Juppiter
362 677 552 754 omnipotens,
573 679 727 737 audacibus
739 679 833 736 adnue
846 677 960 753 coeptis:

190 794 192 798 ’
214 777 282 853 lpse
295 777 349 835 tibi
364 780 400 836 ad
413 789 462 837 tua
475 782 582 856 templa
595 781 688 839 feram
699 780 846 838 sollemnia
858 780 943 843 dona,

214 880 256 937 Et
269 880 391 937 statuam
404 890 470 938 ante
483 900 553 953 arae,
572 882 672 940 aurati
684 883 789 952 fronte,
804 863 962 957 juvencum

214 982 408 1051 Gaudentem,
416 982 580 1059 pariterque
590 993 677 1060 caput
685 1004 753 1042 cum
762 992 853 1041 matre
862 982 1013 1052 ferentem,

213 1086 284 1161 Jam
297 1102 387 1143 cornu
398 1093 478 1161 petat
490 1094 520 1142 et
532 1086 653 1162 pedibus
665 1086 717 1162 qui
729 1086 843 1162 spargat
854 1104 980 1144 arenam.

256 1186 372 1256 Audiit,
392 1195 422 1243 et
434 1186 498 1244 coeli
510 1187 633 1245 Genitor
644 1189 681 1245 de
693 1197 772 1264 parte
784 1187 882 1245 serent

214 1288 351 1347 Intonuit
363 1289 481 1347 laevum:
504 1289 584 1346 sonat
597 1290 657 1347 und
668 1290 767 1347 fatifer
779 1308 870 1347 arcus.
939 1314 943 1319 ’

216 1390 341 1467 Effugit,
361 1390 535 1449 horrendum
547 1391 673 1460 stridens,
692 1391 812 1450 addusia
826 1391 945 1468 sagitta;

215 1494 329 1567 Perque
340 1501 427 1569 caput
439 1492 554 1549 Remuli
566 1492 655 1563 venit,
673 1501 704 1551 et
716 1511 784 1550 cava
797 1501 924 1569 tempora
937 1488 1014 1551 seno

215 1592 348 1670 Trajicit.
388 1594 412 1661 Ι,
426 1595 518 1651 verbis
530 1594 667 1653 virtutem
678 1594 779 1651 inlude
792 1594 933 1672 superbia:

217 1696 267 1753 Bis
280 1695 357 1772 capti
370 1695 493 1772 Phryges
506 1694 567 1754 haec
581 1696 696 1754 Rutulis
709 1696 839 1771 responsa
852 1696 1013 1755 remittunt.

217 1798 285 1855 Hoc
298 1806 411 1855 tantun
425 1797 573 1856 Ascanius.
593 1798 699 1855 Teucri
711 1798 835 1855 clamore
847 1796 1013 1873 sequuntur,

219 1897 391 1976 laetitidque
403 1902 541 1971 fremunt,
556 1900 723 1974 animosque
735 1900 772 1956 ad
785 1900 872 1956 fidem
885 1898 999 1956 tollunt.

247 2001 554 2060 vAEthe1·tat11mforte
567 2001 652 2078 plagi
665 2000 783 2058 crinitus
796 2001 902 2076 Apollo

218 2103 347 2181 Desuper
360 2104 500 2162 Ausonias
512 2103 595 2172 acies,
615 2104 780 2178 urbemque,
793 2103 917 2170 ridebat,
1008 2107 1016 2118 ''

217 2206 307 2263 Nube
319 2205 430 2276 sedena3
452 2215 538 2281 atque
551 2205 595 2262 his
605 2205 743 2262 victorem
755 2205 869 2262 adfatur
881 2203 992 2262 Iulum:

217 2305 315 2370 Maste
328 2307 402 2364 novi
414 2307 528 2375 virtute,
548 2326 634 2382 puer,
656 2307 694 2364 fic
707 2306 768 2364 itur
779 2309 814 2364 ad
829 2307 907 2377 astra,

217 2409 271 2466 Dis
284 2409 390 2484 genite,
410 2418 439 2466 et
452 2408 584 2484 geniture
597 2410 672 2468 deos.
708 2410 779 2486 Jure
791 2412 887 2469 omnia
900 2411 975 2470 bella
1012 2387 1016 2394 Ι

217 2512 312 2569 Gcnte
324 2511 377 2568 sub
390 2510 526 2580 Assaraci,
546 2510 605 2568 fato
618 2520 747 2579 ventura,
767 2513 898 2577 reddent.

217 2613 282 2670 Nec
296 2622 324 2670 te
337 2611 422 2688 Troja
435 2613 521 2688 capit.
561 2612 653 2670 Simul
665 2613 727 2670 haee
740 2615 851 2684 effatus,
871 2617 908 2672 ab
920 2615 979 2672 alto

218 2715 342 2773 AEthere
355 2715 384 2772 se
396 2715 497 2785 mittit,
517 2713 648 2789 spirantis
661 2714 788 2774 dimovet
801 2735 891 2784 auras,

218 2817 433 2892 Ascaniumque
447 2817 528 2892 petit.
570 2817 701 2873 Formam
714 2826 778 2873 turn
789 2815 911 2873 vertitur
922 2813 979 2871 oria

217 2919 382 2994 Antiquom
394 2919 425 2974 in
439 2920 541 2976 Buten.
582 2917 640 2974 Hic
653 2917 799 2974 Dardanio
812 2913 946 2972 Anchisae

217 3019 354 3096 Armiger
365 3029 431 3077 ante
445 3020 511 3088 fuit,
532 3019 663 3092 fidusque
675 3020 712 3075 ad
724 3018 825 3074 limina
838 3015 942 3085 custos3

216 3123 295 3180 Tum
307 3122 442 3178 comitem
456 3121 581 3178 Ascanio
593 3127 675 3194 pater
687 3116 805 3174 addidit.
834 3117 898 3173 Ibat
906 3119 1013 3195 Apollo

218 3223 326 3282 Omnia
340 3223 470 3298 longaevo
483 3222 591 3287 similis,
603 3235 769 3292 vocemque,
790 3219 977 3297 coloremque,
