2509 3875
199 385 224 424 v.
235 376 286 438 9⁵-
497 370 596 430 LIB.
635 373 703 432 VII.
940 381 994 433 roa
1093 431 1101 447 ,

196 522 368 580 Velleribus.
407 524 507 584 Subita
519 545 556 584 ex
569 528 628 586 alto
641 549 697 586 vox
708 528 818 586 reddita
826 529 896 590 loon
908 528 959 586 est:

195 624 242 680 Ne
254 632 323 699 pete
335 626 485 683 connubiis
496 637 594 686 natam
606 630 711 688 sociare
724 631 844 700 Latinis,

194 725 222 781 0
234 745 300 783 meo
312 726 475 802 progenies!
497 729 631 788 thalamis
644 751 701 790 neu
715 735 797 791 crede
810 733 929 809 paratis:

193 827 317 885 Externi
329 827 450 886 veniunt
462 833 571 904 generi,
590 833 641 907 qui
655 833 792 909 sanguine
805 833 931 891 nostrum

193 930 313 986 Nomen
332 929 365 986 io
378 930 448 987 afim
463 931 572 1003 ferant,
593 953 773 1012 quorumque
790 937 827 994 ab
844 935 927 1012 stirpe
941 953 991 992 ne-

270 1044 355 1109 potes
563 1047 567 1052 ,
992 1045 995 1058 .

192 1135 303 1194 Omnia
315 1138 368 1196 snb
381 1140 509 1215 pedibus,
531 1141 588 1216 qul
601 1141 648 1198 Sol
662 1149 815 1216 utrumque
828 1159 972 1198 recurrens

191 1239 329 1314 Adspicit
340 1259 489 1309 oceanum,
509 1243 639 1318 vertique
651 1243 769 1319 regique
781 1241 930 1300 videbunt.

159 1413 163 1420 .
191 1341 264 1410 Haec
278 1341 409 1417 responsa
421 1345 508 1418 patris
521 1345 620 1412 Fauni,
641 1344 823 1420 monitusque
836 1343 929 1400 filenti

190 1443 286 1500 Nocle
298 1444 390 1511 datos,
410 1463 467 1502 non
479 1445 541 1521 ipse
554 1445 604 1503 sno
616 1446 722 1522 premit
738 1465 787 1503 ore
801 1444 934 1515 Latinum

192 1545 246 1602 Sed
259 1545 370 1602 circum
382 1546 440 1604 late
452 1547 574 1604 volitans
582 1546 644 1623 jam
658 1549 744 1605 Fama
757 1566 808 1623 per
820 1547 899 1606 urbis

191 1646 335 1704 Ausonias
348 1648 461 1716 tulerat,
481 1667 570 1723 quum
585 1649 789 1706 Laomedontia
803 1650 892 1724 pubes

190 1748 348 1806 Gramineo
359 1749 429 1824 ripae
440 1751 572 1826 religavit
585 1752 622 1807 ab
634 1769 740 1826 aggere
753 1749 876 1808 claffem.

229 1851 349 1916 AEneas,
368 1851 511 1927 primique
522 1853 617 1921 duces,
639 1862 668 1908 et
680 1852 799 1928 pulcher
812 1851 902 1918 Iulus,

190 1956 317 2030 Corpora
329 1953 382 2012 sub
394 1956 479 2011 ramis
491 1956 639 2031 deponunt
651 1953 757 2011 arboris
772 1952 850 2020 altas,

189 2056 406 2130 Instituuntque
418 2056 512 2131 dapes,
531 2066 562 2112 et
574 2057 675 2113 adorea
688 2053 745 2112 liba
760 2071 810 2129 per
821 2052 939 2109 herbam

191 2158 351 2234 subjiciunt
363 2158 471 2233 epulis3
494 2160 531 2215 fic
543 2160 676 2235 anpiter
689 2157 737 2214 ille
750 2157 899 2225 monebat,
987 2210 989 2215 .

189 2262 228 2318 Et
237 2261 356 2317 Cereale
369 2261 460 2317 solum
474 2260 565 2336 pomis
578 2260 732 2335 agrestibus
745 2268 862 2335 augent.
951 2313 957 2320 .

189 2362 354 2421 Consumtis
368 2361 416 2417 hic
428 2362 502 2419 sorte
515 2361 587 2428 aliis,
607 2371 640 2418 ut
652 2371 761 2418 vertere
775 2360 884 2417 morsus
974 2364 985 2419 '.

188 2465 332 2540 Exiguam
349 2463 379 2519 in
392 2464 525 2520 Cererem
536 2462 655 2539 penuria
669 2463 766 2539 adegit
779 2464 891 2532 edendi,
982 2510 984 2519 ,

188 2567 226 2622 Et
238 2566 344 2622 violare
357 2584 453 2633 mann,
474 2565 613 2639 malisque
626 2566 789 2633 audacibus,
810 2568 909 2623 orbem

189 2668 293 2725 Fatalis
305 2667 398 2735 crusti,
417 2667 522 2741 patulis
535 2684 589 2724 nec
602 2686 717 2743 parcere
731 2668 858 2742 quadris,
979 2673 982 2679 '

188 2770 282 2825 Heus!
304 2769 394 2825 etiam
405 2767 516 2825 mensas
530 2768 738 2825 consumimus?
760 2768 854 2842 inquit
868 2767 954 2833 Iulus,
1058 2820 1062 2827 ,

188 2872 253 2928 Nec
265 2872 356 2947 plura,
376 2871 522 2929 adludens.
561 2872 603 2927 Ea
615 2891 670 2928 vox
684 2871 780 2928 audita
794 2870 922 2926 laborum
982 2902 984 2908 ·

189 2974 282 3030 Prima
297 2973 366 3030 tulit
378 2973 482 3041 finem,
504 2972 681 3049 primamque
694 2970 836 3046 loquentis
848 2971 884 3025 ab
897 2987 945 3025 oro

188 3076 301 3151 Eripuit
314 3086 404 3152 pater,
424 3093 467 3142 ac,
487 3073 657 3149 stupefaclus
671 3072 798 3137 numine,
819 3069 922 3146 preffit.

189 3178 345 3245 Continuo,
365 3176 448 3232 Salve
461 3176 527 3232 fatis
540 3174 612 3231 mihi
625 3173 722 3229 debita
734 3172 842 3238 Tellus,

146 3334 151 3342 ,
189 3278 313 3353 Vosque,
333 3278 384 3347 ait,
404 3297 422 3332 o
434 3273 591 3349 fidiTrojae
604 3273 708 3333 salvete
722 3274 851 3330 Penates!
