2509 3875
297 330 355 393 262
554 333 852 431 AENEIDOS,⁸
984 330 1094 392 uelli.

297 488 373 556 Huc,
393 486 526 565 periture,
539 492 619 561 veni3
642 492 736 569 capiar
747 500 782 549 ut
794 490 882 568 digna
895 489 1028 548 Camilla

297 589 424 650 Praemia.
462 592 547 650 'lune
559 592 647 651 etiam
660 593 725 651 telis
735 592 856 651 moriere
868 593 988 650 Dianae?

295 689 391 761 Dixit,
411 702 440 751 et
453 693 550 751 aurati
562 694 709 753 volucrem
716 694 845 753 Threissa
858 693 992 771 sagittam

296 794 456 872 Deprumfit
469 794 609 872 pharetra,
629 814 774 872 cornuque
785 794 896 853 insensa
908 793 1043 864 tetendit,

296 898 334 957 Et
347 898 430 957 duxit
442 899 536 977 lunge,
557 899 649 958 donec
660 908 776 957 curvata
788 898 898 957 coirent

295 1000 375 1057 Inter
388 1000 416 1059 se
429 1002 532 1078 capita,
552 1010 582 1059 et
594 1001 725 1060 manibus
733 999 795 1077 jam
809 1009 939 1078 taugeret
949 1000 1054 1075 uluis,

295 1102 389 1171 Lava,
410 1100 501 1159 aciem
513 1102 590 1171 ferri,
609 1104 711 1161 dextri
723 1120 875 1179 nervoque,
895 1102 1044 1179 papillam.

294 1202 447 1279 Extemplo
460 1202 510 1261 teli
524 1203 679 1277 stridorem,
698 1222 836 1280 aurasque
845 1204 979 1272 sonantis,

294 1302 399 1361 Audiit
411 1304 469 1361 uni
482 1305 602 1375 Arruns,
622 1306 758 1383 haesitque
769 1306 801 1364 in
813 1324 931 1383 corpore
940 1306 1063 1364 ferrum.

294 1403 383 1461 Illum
392 1404 583 1482 exspirantem
593 1405 763 1483 socii‚atque
773 1416 900 1465 extrema
911 1416 1096 1484 gementem,
1169 1399 1171 1412 '

294 1505 397 1576 Obliti,
417 1506 518 1585 ignoto
530 1526 696 1585 camporum
708 1509 739 1566 in
751 1510 868 1585 pulvere
879 1509 1029 1585 linquunt:

295 1609 367 1688 Opis
380 1610 416 1668 ad
429 1610 578 1669 aetherium
591 1610 693 1687 pennis
705 1612 834 1669 aufertur
846 1612 1015 1688 Olympum.

333 1712 427 1771 Prima
440 1713 527 1791 fugit,
547 1712 663 1771 domini
675 1713 781 1783 amissa,
800 1712 869 1772 levis
882 1713 926 1771 ala
939 1713 1093 1774 Camillae

294 1815 417 1873 Turbati
429 1814 548 1893 fugiunt
561 1814 676 1886 Rutuli3
697 1814 775 1891 sugit
787 1834 852 1873 aeer
863 1796 982 1885 Atinae}

295 1914 469 1994 Disjeffique
482 1918 576 1988 duces,
596 1916 770 1992 desolatique
783 1916 911 1994 manipli,

294 2019 371 2078 Tuta
383 2029 494 2097 petunt,
515 2029 545 2078 et
557 2019 637 2095 equis
650 2019 738 2076 aversi
750 2019 787 2076 ad
799 2018 905 2076 moenia
917 2019 1049 2078 tendunt.

293 2121 325 2178 N
325 2139 358 2178 ec
371 2121 522 2198 quiequam
534 2121 663 2179 instantis
674 2122 809 2190 Teucros,
829 2121 978 2196 letumque
992 2121 1093 2181 seren·

370 2223 414 2290 tir,

293 2323 455 2380 Sustentare
466 2323 542 2381 valet
555 2323 628 2394 telis,
649 2331 699 2380 aut
711 2323 802 2380 fistere
814 2331 924 2393 contra3

292 2425 347 2482 Sed
359 2423 438 2482 laxos
450 2425 578 2482 referunt
589 2425 716 2482 humeris
728 2424 930 2502 languentibus
942 2443 1040 2497 areua3

292 2525 577 2600 Quadrupedumque
602 2535 716 2602 putrem
746 2525 831 2586 cursu
855 2527 950 2602 quatit
976 2531 1091 2608 ungula

369 2641 512 2703 campum.

291 2729 425 2789 Volvitur
438 2730 473 2787 ad
487 2745 590 2798 muros,
610 2728 732 2805 ealigine
745 2730 874 2788 turbidus
886 2731 956 2802 atra,

291 2831 384 2892 Pulvis
390 2857 398 2904 3
420 2839 450 2890 et
462 2850 478 2888 e
491 2829 619 2906 speculis,
639 2831 772 2906 percussae
783 2833 905 2907 pellaea,
924 2842 1031 2892 matres

291 2935 459 2993 Femineum
471 2933 625 2990 clamorem
637 2932 673 2990 ad
687 2931 753 2990 uoeli
767 2932 854 2991 srdera
867 2935 983 2994 tollunt.

291 3037 352 3095 uui
363 3037 449 3096 eursu
461 3042 554 3114 portas
566 3034 653 3112 primi
666 3034 798 3110 inrupere
810 3037 943 3112 patentia,

289 3138 351 3195 Hos
364 3139 482 3196 inimica
495 3135 576 3212 super
589 3136 681 3194 mixto
693 3137 799 3213 premit
815 3138 932 3214 agmine
944 3141 1043 3198 turba:

288 3235 354 3294 Nec
361 3238 494 3296 miseram
500 3237 649 3314 effugiunt
657 3248 778 3298 mortem
783 3263 793 3311 3
808 3237 1087 3320 sedlimiueinipsm
