2509 3875
318 756 358 815 P.
388 750 615 812 VIRGILII
645 750 877 811 MARONIS

390 928 820 1010 AENEIDOS

435 1204 562 1253 LIBER
582 1206 779 1255 QUINTUS.

468 1470 744 1513 ...ψ-

99 1815 100 1822 ¹
191 1714 350 1798 Inrsnnn
363 1738 493 1796 medinm
507 1739 617 1797 AEneas
628 1736 690 1817 jam
702 1740 786 1799 claise
797 1744 913 1800 tenebat

100 1835 104 1882 ἶ
193 1845 308 1905 Certus
322 1846 387 1913 iter,
408 1844 577 1921 fluctusque,
591 1856 667 1905 atros
679 1848 822 1923 aquilone,
835 1848 963 1925 secabat,

98 1972 102 2029 ς
194 1948 318 2010 Moenia
332 1949 495 2027 respiciens,
514 1950 649 2028 quaejam
661 1950 785 2008 infelicis
798 1949 891 2007 Eliffae

101 2042 104 2078 ³
194 2053 371 2112 conlucent
388 2052 521 2110 flammis.
561 2053 638 2111 Quae
650 2062 765 2112 tantum
783 2051 946 2112 adcenderit
960 2052 1004 2127 ig·

234 2213 236 2219 ,
280 2175 361 2226 nem,

198 2257 309 2317 Cauiia
322 2259 407 2318 latet:
430 2257 494 2315 duri
507 2275 612 2333 magno
625 2257 674 2314 sed
686 2275 784 2314 amore
794 2255 905 2315 dolores

197 2359 329 2431 Polluto,
350 2369 519 2434 notumque,
540 2359 638 2415 furens
650 2359 721 2435 quid
734 2359 842 2417 femina
856 2361 949 2437 poffit,
1027 2403 1032 2414 ,

199 2459 298 2520 Triste
312 2479 363 2538 per
376 2461 530 2537 augurium
540 2461 716 2518 Teucrorum
729 2463 842 2537 pectora
855 2465 974 2524 ducunt.

241 2565 290 2622 Ut
300 2564 421 2640 pelagus
434 2571 550 2620 tenuere
563 2571 646 2631 rates,
659 2581 712 2620 nec
718 2562 779 2640 jam
792 2568 914 2643 amplius
925 2569 985 2627 ulia

203 2663 342 2724 Occurrit
352 2665 451 2736 tellus3
466 2663 555 2721 maria
568 2665 702 2741 undique,
713 2676 743 2724 et
753 2669 880 2745 undique
888 2671 1004 2741 coslum,

203 2767 270 2826 Olli
282 2769 419 2826 caeruleus
431 2765 514 2843 supra
527 2775 613 2842 caput
628 2767 736 2825 adstitit
748 2769 850 2840 imber,

206 2870 333 2930 Notiem
346 2873 529 2946 hiememque
541 2869 649 2942 ferens,
670 2881 700 2928 et
713 2873 854 2932 inhorruit
870 2871 947 2930 unda
960 2881 1003 2931 te-

286 2973 390 3032 nebris.

208 3076 272 3154 Ipse
285 3076 458 3152 gubernator
469 3073 560 3151 puppi
572 3073 721 3131 Palinurus
733 3075 770 3130 ab
782 3072 853 3129 alti:
949 3066 952 3072 ’

208 3177 291 3238 Heul
312 3173 446 3253 quianam
459 3176 533 3234 tanti
546 3175 699 3232 cinxerunt
711 3173 815 3230 aethera
828 3175 937 3234 nimbi?

210 3279 335 3345 Quidve,
348 3286 428 3354 pater
439 3277 586 3352 Neptune,
599 3276 698 3354 paras?
719 3273 765 3332 Sic
777 3275 881 3335 deinde
893 3280 1017 3337 locutur-
