2509 3875
232 329 273 401 76
493 331 771 403 AENEfflos,
923 337 1031 400 v.aa7.

272 487 359 544 Eccel
381 489 555 564 gubernator
567 489 626 546 sese
640 489 788 548 Palinurus
801 489 918 564 agebat:

235 586 297 646 Qui
311 587 419 665 Libyen
432 609 526 667 nuper
538 591 631 660 cursu,
652 592 723 650 dum
735 591 823 648 fidera
835 589 935 657 servat,

233 689 384 750 Exciderat
397 692 497 768 puppi,
518 693 620 752 mediis
633 692 738 752 effusus
750 693 782 750 in
795 691 888 750 nudie.

233 793 322 850 Hunc
335 794 386 851 ubi
399 794 449 852 vix
460 796 553 854 multa
564 797 696 854 mallum
708 795 844 872 cognovit
857 795 886 852 in
900 793 1016 865 umbra3

234 895 280 952 Sic
293 895 370 971 prior
382 898 561 973 adloquitur:
585 897 660 956 uuis
673 908 710 968 te,
733 896 872 965 Palinure,
892 897 1012 954 deorum

234 996 350 1073 Eripuit
363 998 454 1069 nobis,
474 999 628 1075 medioque
641 1000 693 1058 sub
706 1016 818 1075 aequore
831 997 944 1056 merfit?

233 1099 291 1156 Dic
303 1118 370 1176 age:
392 1119 517 1177 namque
529 1101 612 1170 mihi,
625 1101 714 1160 fallax
727 1101 803 1158 haud
814 1109 882 1160 ante
894 1108 1029 1177 repertus,

234 1201 301 1262 Hoc
313 1221 372 1260 uno
385 1202 515 1280 responso
528 1203 659 1261 animum
672 1203 774 1262 delufit
787 1203 907 1279 Apollo,

236 1303 300 1364 Qui
313 1304 374 1361 fore
388 1314 417 1362 te
429 1314 519 1383 ponto
532 1305 717 1374 incolumem,
737 1305 858 1380 finisque
871 1305 992 1362 canebat

234 1407 399 1466 Venturum
409 1407 559 1466 Ausonios.
590 1408 651 1467 Enl
670 1407 732 1466 haec
745 1407 876 1484 promiffa
889 1407 959 1466 fides
972 1407 1028 1466 est?

234 1509 287 1565 llle
300 1518 411 1567 autem:
433 1511 538 1586 Neque
551 1519 580 1567 te
593 1509 693 1568 Phnebi
705 1509 815 1568 cortina
829 1509 942 1577 fefellit,

234 1611 305 1669 Dux
317 1605 499 1681 Ancbifiada,
518 1631 572 1670 nec
584 1631 632 1670 me
644 1613 715 1670 deus
728 1631 842 1688 aequore
854 1612 959 1670 merfit.

234 1713 371 1790 Namque
388 1715 604 1790 gubernaclum,
624 1715 759 1774 multari
772 1716 846 1774 forte
861 1713 1012 1785 revulsum,

232 1815 291 1873 eui
303 1817 386 1875 datur
398 1817 542 1875 haerebam
554 1817 654 1886 custos,
674 1817 828 1894 cursusque
840 1819 984 1894 regebam,

234 1918 415 1997 praecipitans
428 1921 503 1979 traxi
515 1940 638 1979 mecum.
677 1919 772 1979 Maria
785 1919 880 2006 aspera
889 1917 964 1995 juro,
1013 1946 1014 1951 ยน

144 2050 153 2073 ฮฟ
233 2022 304 2080 Non
316 2024 410 2081 ullum
421 2042 473 2100 pro
486 2043 533 2081 me
546 2032 659 2081 tantum
672 2022 776 2098 cepille
789 2022 931 2089 timorem,

235 2126 335 2205 Ouarn
348 2134 397 2183 tua
410 2145 456 2191 ne,
476 2125 596 2201 spoliata
607 2124 703 2193 armis,
723 2120 835 2181 excursa
849 2121 990 2198 magistro,

234 2227 380 2286 Deficeret
391 2227 477 2285 tantis
491 2226 570 2284 navis
582 2225 764 2302 surgentibus
775 2222 867 2283 undis.

233 2329 299 2387 Tria
311 2338 397 2387 notus
410 2329 542 2387 hibernas
554 2329 682 2386 inmensa
695 2346 745 2404 per
758 2347 872 2405 aequora
885 2327 975 2386 noblis

233 2430 323 2490 Vertit
334 2449 382 2488 me
394 2429 536 2487 violentur
548 2430 636 2505 aqua:
659 2428 708 2488 vix
721 2429 832 2489 lumine
844 2440 946 2504 quarto

234 2532 368 2609 Prospexi
381 2531 504 2601 Italiam,
526 2531 636 2589 summa
649 2530 778 2589 sublimis
792 2533 828 2588 ab
839 2531 927 2589 unda.

235 2636 387 2695 Paullatim
400 2635 540 2695 adnabam
555 2643 648 2693 terrae:
667 2632 730 2709 jam
742 2642 803 2691 tuta
817 2636 964 2704 tenebam,

235 2738 278 2796 Ni
291 2757 361 2815 gens
372 2736 504 2805 crudelis,
524 2735 640 2795 madida
653 2755 720 2793 curn
733 2736 808 2794 veste
821 2746 980 2813 gravatum,

234 2840 473 2914 Preusautemque
481 2837 560 2897 uncis
566 2838 700 2897 manibus
710 2837 803 2915 capita
811 2837 907 2914 aspera
916 2840 1031 2912 montis,

234 2943 320 3001 Ferro
332 2941 485 3012 invafiffet3
506 2940 689 3016 praedamque
701 2939 805 3017 ignava
818 2940 941 3017 petillet.

235 3046 325 3104 Nunc
337 3064 384 3102 me
396 3043 500 3101 flublus
512 3042 609 3110 habet,
621 3041 791 3119 versantque
803 3042 834 3101 ln
847 3043 932 3101 litore
942 3042 1032 3105 ventl.

237 3147 335 3215 Quod,
355 3155 385 3203 te
396 3165 447 3223 per
459 3144 525 3203 coeli
533 3142 694 3223 jocundum
706 3144 815 3213 lumen,
834 3155 865 3203 et
878 3166 968 3220 auras,

237 3248 290 3309 Per
303 3247 473 3326 genitorem,
492 3266 552 3320 orn,
571 3266 623 3324 per
635 3245 697 3325 spes
709 3245 849 3325 surgentia
862 3248 934 3324 Iuli,
