2509 3875
249 329 309 391 152·
508 321 595 385 ΕΝ
608 321 787 392 moe,
938 323 1046 389 νήτη.

246 477 316 544 Heu
328 489 444 552 quante
455 476 566 536 miseris
576 479 668 538 cedes
681 475 871 538 laurentibus
887 473 1005 534 instant!
1055 481 1058 528 ζ

244 579 331 648 ¹Quas
343 597 442 655 poenas
453 579 537 650 mihi,
549 582 658 652 Turne,
675 581 768 640 dabisl
790 597 879 656 quarn
891 578 983 636 multa
996 576 1048 636 sub

327 683 418 740 undas

250 785 335 843 Scuta
347 783 452 854 virum,
472 785 634 862 galeasque,
653 794 683 844 et
694 784 781 844 fortia
796 801 924 860 corpora,
945 781 1056 852 volves,'

249 887 362 964 Thybri
372 888 465 963 paterl
488 887 607 946 Poscant
618 887 703 955 acies,
722 897 752 946 et
764 887 870 945 foedem
884 893 1030 962 rumpant,

262 990 363 1068 &Haec
375 989 427 1046 ubi
440 988 517 1048 diua
529 991 619 1058 dedit,
639 989 711 1048 solio
723 989 753 1048 se
766 989 842 1048 tollit
855 991 891 1047 ab
905 987 976 1057 alt0;
1059 1037 1061 1044 .

251 1093 290 1149 Et
302 1091 431 1168 primum
443 1092 595 1152 Herculeis
607 1091 711 1169 sopitas
723 1091 841 1169 ignibus
853 1111 915 1150 aras

251 1195 379 1263 Excitat,
399 1195 619 1272 hesternumque
633 1197 745 1263 Larem,
766 1212 923 1271 parvosque
938 1191 1051 1251 Penatis

251 1297 349 1362 Letus
361 1297 422 1354 adit
426 1310 444 1367 3'
456 1298 584 1356 maetam
598 1299 684 1358 ledlas
698 1300 734 1358 de
747 1317 826 1358 more
839 1290 973 1365 bidentis,
1059 1347 1062 1352 .

251 1400 399 1459 Evandrus
411 1399 527 1476 pariter,
546 1401 653 1477 pariter
664 1399 788 1478 Trojana
797 1400 942 1478 juventus.
981 1469 985 1478 ⁸

251 1502 315 1561 Post
327 1501 396 1558 hinc
409 1503 445 1559 ad
458 1504 539 1562 navis
552 1504 691 1580 graditur,
704 1503 849 1580 sociosque
862 1503 971 1561 revisit:

253 1605 391 1663 Quorum
400 1605 436 1663 de
449 1625 577 1674 numero,
597 1606 648 1682 qui
661 1607 719 1664 sese
731 1606 763 1664 in
777 1607 852 1664 bella
864 1605 1027 1682 sequantur,

253 1689 412 1766 Praestantis
424 1709 531 1766 virtute
542 1708 614 1786 legit
618 1733 627 1780 ;
649 1728 713 1786 pars
725 1719 819 1767 cetera
832 1709 921 1786 prona

252 1811 359 1868 Fertur,
367 1811 450 1886 aqud,
470 1811 622 1888 segnisque
634 1811 758 1870 secundo
772 1811 875 1870 defluit
887 1809 976 1881 amni,

253 1913 368 1973 Nuntia
379 1925 499 1973 ventura
512 1912 638 1973 Ascanio
651 1931 812 1991 rerumque,
831 1889 986 1991 patrisque.

253 2019 369 2077 Dantur
379 2018 447 2094 eqni
458 2017 586 2088 Teucris,
606 2018 755 2094 Tyrrhena
774 2016 938 2094 petentibus
951 2034 1031 2074 arras

253 2123 375 2188 Ducunt
386 2120 527 2179 exsortem
539 2122 657 2190 AEneae3
678 2139 766 2195 quem
778 2120 857 2178 sulva
871 2120 962 2178 leonis

254 2225 338 2283 Pellis
350 2224 412 2281 obit
426 2232 530 2292 totum,
548 2222 881 2299 praefulgensunguibus
894 2221 995 2279 aureis.

293 2328 381 2384 Fama
393 2326 471 2383 volat
483 2344 610 2401 parvam,
632 2324 727 2383 subito
740 2325 863 2401 volgata,
878 2344 929 2401 per
941 2326 1053 2395 orbern,

254 2428 345 2487 Ocius
356 2427 399 2483 ire
411 2427 521 2501 equites
532 2426 678 2503 Tyrrheni
691 2428 727 2485 ad
739 2427 842 2501 limina
855 2427 944 2505 regis:

254 2532 330 2587 Vota
343 2537 423 2586 metu
436 2528 586 2604 duplicant
597 2539 712 2598 matres,
731 2529 903 2606 propiusque
915 2528 1023 2606 periclo
1066 2550 1067 2553 ’

255 2634 285 2691 It
296 2632 407 2698 Timor,
427 2639 456 2687 et
468 2629 559 2707 major
571 2632 675 2689 Martis
684 2631 745 2709 jam
758 2634 874 2709 adparet
886 2632 995 2709 imago.

253 2736 334 2794 Tum
345 2743 427 2811 pater
440 2734 597 2804 Evandrus,
617 2736 748 2795 dextram
761 2736 917 2812 conplexus
929 2735 1034 2807 euntis,

256 2840 366 2909 Haeret,
385 2832 566 2912 inexpletum
577 2836 742 2909 lacrimarum
764 2856 796 2895 ac
811 2823 879 2895 talia
892 2838 987 2897 fatur:

271 2944 324 3010 ,Ὀ
337 2940 411 2999 mihi
423 2938 580 3017 praeteritos
592 2940 699 2997 referat
712 2940 732 2997 fi
745 2940 879 3017 Juppiter
891 2941 993 2999 annosi
1069 2970 1071 2975 a

257 3046 361 3105 Qualis
379 3063 467 3113 eram,
486 3060 581 3118 quum¹
593 3042 718 3118 primam
738 3042 830 3101 aciem
848 3043 985 3101 Praeneste
1002 3042 1056 3111 sub
1180 3078 1181 3082 =

269 3147 396 3223 ſtrips&
406 3225 416 3234 Ι,
529 3203 534 3209 .

232 3284 242 3299 .
256 3249 358 3318 stravi,
378 3248 580 3325 scutorumque
591 3246 708 3307 incendi
720 3246 810 3307 vidtur
821 3267 936 3307 acervos
940 3274 950 3321 3
