2509 3875
106 313 107 375 ἓ
180 346 288 397 ιη.
519 338 618 399 nin
656 339 696 398 v.
969 344 1010 395 ss

228 492 921 571 Posteraqnumprimntiellssorientefngmt

105 566 116 635 l
187 596 884 663 cramdffloeioenoesumemssomu

103 1152 109 1199 l

189 700 340 755 Advocat
352 698 472 767 AEness,
492 699 656 775 tumulique
666 718 704 757 ex
716 718 823 775 aggere
834 699 927 756 fitur:

234 801 422 857 Dardanidae
434 802 544 878 magni,
554 821 645 878 genus
653 802 714 859 alto
722 822 740 859 a
750 802 892 877 sanguine
899 800 1006 870 dirum,

193 904 332 960 Annuus
343 902 451 961 mais
462 904 614 979 mpletur
625 904 770 963 mentibus
781 903 868 973 urbis,

194 1006 245 1062 Ex
260 1024 323 1080 quo
336 1006 481 1079 reliquias,
500 1006 650 1082 divinique
661 1006 719 1065 ofl's
730 1007 866 1084 parastis,

103 1084 106 1129 ’Τ
195 1107 398 1165 Condidimus
410 1110 494 1177 terri,
515 1108 681 1184 maestasque
692 1107 863 1166 &invimus
875 1128 946 1166 sins.

103 1210 105 1253 ἱ
195 1212 329 1287 Jamque
342 1210 411 1279 dies,
431 1210 463 1267 ni
480 1210 574 1279 fallor,
592 1210 680 1283 adest,
699 1228 788 1286 quem
804 1210 916 1287 semper
927 1230 1006 1271 δαΐ·

284 1313 364 1379 burn,

102 1426 104 1499 ξ
199 1416 325 1489 Semper
336 1413 518 1484 honoratum,
538 1416 770 1473 ficdivoluistisl
791 1415 914 1475 habebo.

102 1526 103 1531 ’
198 1517 297 1573 Hunc
308 1534 373 1592 ego,
392 1517 515 1574 Gaetulis
527 1518 820 1595 ageremtiSyrtibus
831 1519 922 1587 exsul,

200 1618 378 1695 Argolicove
391 1620 464 1677 mari
477 1620 638 1696 depreusru,
656 1632 688 1676 et
698 1622 771 1677 urbe
784 1620 933 1696 Myoenae3

201 1722 314 1778 Annua
326 1732 392 1779 vota
405 1732 502 1779 tamen
515 1722 718 1798 sollemnisque
728 1723 830 1781 ordine
841 1740 961 1799 pompas

100 1886 101 1893 ἵ
203 1822 390 1897 Exsequerer‚
410 1823 602 1899 ſtrueremque
614 1822 673 1880 suis
685 1824 786 1881 altaris
798 1824 890 1881 donis.

100 1997 102 2024 r
202 1926 296 1984 Nemo
308 1926 386 1983 ultro
397 1927 434 1984 ad
447 1925 556 1984 cineres
567 1926 665 2003 ipfius‚
683 1934 715 1982 et
726 1924 793 1994 olla,
812 1926 947 2002 parentis,

202 2029 293 2085 Haud
306 2029 440 2104 equidem
457 2029 516 2086 fine
531 2039 640 2096 mente,
659 2045 732 2096 reor,
751 2027 811 2084 fine
826 2028 946 2085 numine
958 2029 1004 2088 di·

283 2149 358 2201 vom,

202 2231 360 2300 Adsumus,
380 2242 409 2290 et
422 2243 521 2310 portus
533 2231 622 2290 delati
634 2233 776 2302 intramus
786 2231 902 2291 amicos.

202 2336 283 2412 Ergo
294 2335 381 2412 agite,
395 2345 435 2404 et,
448 2335 549 2393 laetum
559 2335 656 2392 cunffl
668 2336 844 2393 celebremus
855 2333 1004 2408 honorem,

202 2437 354 2494 Poscamus
366 2449 479 2494 ventos:
501 2447 589 2513 atque
601 2437 663 2494 haec
676 2455 723 2494 me
735 2435 813 2496 sacra
825 2439 993 2514 quotannis

186 2545 189 2552 '
203 2541 286 2597 Urbe
300 2539 368 2596 velit
379 2541 469 2616 pontt
482 2540 597 2616 templis
610 2539 663 2598 fibi
675 2539 750 2596 serre
761 2540 873 2598 dicatis.

202 2642 276 2700 Bina
290 2643 376 2698 bourn
390 2643 479 2710 vobis,
498 2640 585 2718 Trojl
599 2653 760 2718 generatus,
780 2643 895 2700 Acestes

203 2725 265 2802 Dat
277 2761 396 2800 numero
409 2743 503 2820 capita
520 2742 551 2800 in
566 2744 662 2801 navist
684 2743 820 2800 adhibete
833 2741 955 2810 Penatis,

204 2847 240 2904 Et
254 2845 358 2922 patrios
371 2846 471 2922 epulis,
491 2855 521 2902 et
534 2863 605 2920 quos
617 2845 687 2902 colit
699 2844 800 2921 hospes
811 2843 935 2900 Acestes.

204 2943 349 3015 Prae'terea,
370 2948 389 3004 fi
404 2967 479 3005 nona
492 2947 570 3004 diem
583 2945 751 3004 mortalibus
764 2944 874 3002 almum

205 3053 315 3108 Aurora
328 3049 472 3117 extulerit,
492 3048 635 3124 radiisque
646 3047 782 3117 retexerit
795 3048 902 3114 orbem,
998 3081 1001 3088 -

205 3152 297 3210 Prima
310 3152 374 3216 citae
387 3151 505 3210 Teucris
518 3163 622 3226 ponam
637 3148 794 3206 certamina
807 3147 910 3220 classis3
1002 3151 1005 3159 '

208 3251 323 3328 Quique
336 3254 442 3330 pedum
456 3251 540 3310 cursu
553 3249 639 3319 valet,
652 3249 755 3324 etqui,
768 3248 876 3308 viribus
894 3248 986 3308 sudsx
