2509 3875
222 280 249 328 ν’.
262 278 310 341 93.
522 267 621 333 LIB.
661 275 729 333 XII.
962 270 1022 346 269

222 420 349 483 AEdibus¹
361 420 495 499 adstabat,
516 430 641 489 validam
653 430 683 489 vi
695 428 819 506 conripit
830 429 948 498 hastam,
986 467 989 471 Α

221 526 332 583 Actoris
345 527 476 587 Aurunci
488 530 625 606 spolium;
648 532 815 607 quaffatque
824 539 1013 600 trementem,-

220 628 400 689 Vociferans:
417 612 523 702 Nunc,
544 650 562 689 o
575 651 733 708 numquam
746 632 877 689 frustrata
890 641 1005 689 vocatus

220 728 307 787 Hasta
315 731 405 788 meos!
422 750 498 789 nunc
506 742 616 811 tempus
625 734 701 791 adest
706 759 715 805 3
731 744 760 791 te
768 734 911 815 maximus
918 726 1017 805 neor,

218 832 263 888 Te
273 831 366 889 Turni
379 850 456 891 nunc
470 836 568 892 dextra
582 835 670 911 gerit:
692 836 727 893 da
742 836 862 893 sternere
875 854 984 911 corpus,
1006 854 1009 859 ·

218 923 409 1009 loricamque
422 952 509 993 manu
523 936 615 994 valida
628 938 750 994 lacerare
763 936 900 995 revolsam

219 1034 351 1091 Semiviri
364 1034 492 1113 Phrygis,
513 1046 542 1094 et
555 1038 663 1095 foedare
676 1037 706 1094 in
719 1038 836 1113 pulvere
848 1037 943 1108 crinis,

218 1135 353 1193 Vibratos
366 1138 459 1195 calido
472 1138 556 1208 ferro,
577 1136 751 1216 myrrhaque
764 1139 914 1198 madentia.

116 1320 121 1329 Ι
219 1239 273 1295 His
286 1240 382 1331 agitur
397 1241 493 1299 furiis:
517 1251 634 1318 totoque
646 1242 770 1304 ardentis
783 1244 819 1298 ab
831 1260 880 1299 ore

219 1340 356 1398 Scintillae
369 1341 516 1399 abfistunt:
539 1344 630 1400 oculis
641 1344 731 1401 micat
744 1343 855 1401 acribus
867 1343 960 1420 ignia:

218 1442 351 1518 Mugitus
364 1443 454 1500 veluti
467 1462 535 1500 cum
547 1444 639 1519 prima
652 1444 682 1501 in
696 1444 792 1521 praelia
807 1455 903 1503 taurus
977 1462 980 1471 ’
1004 1487 1006 1490 -

218 1544 369 1601 Terrificos
382 1544 448 1613 ciet,
468 1556 554 1620 atque
565 1545 647 1603 irasci
660 1545 691 1602 in
704 1565 810 1603 cornua
823 1556 926 1617 tentat,

219 1646 337 1704 Arboris
350 1646 472 1704 obnixus
485 1657 599 1719 trunco;
621 1651 777 1723 ventosque
794 1648 900 1705 laceffit

219 1748 334 1817 Ictibus,
355 1758 384 1805 et
399 1748 490 1824 sparsi
503 1750 540 1806 ad
552 1767 682 1825 pugnam
694 1749 823 1825 proludit
835 1747 930 1807 arena.

256 1851 321 1909 Nec
334 1850 429 1907 minus
442 1851 560 1918 interea,
580 1850 716 1907 maternis
730 1849 817 1907 saevus
831 1851 863 1908 in
877 1850 970 1919 annis,

218 1953 328 2016 AEneas
340 1952 417 2010 acuit
429 1952 564 2021 Martem,
585 1951 656 2010 etse
669 1952 784 2009 suscitat
797 1953 849 2021 ira,

219 2055 326 2112 Oblato
340 2055 466 2130 gaudens
479 2053 723 2130 conponisoedere
736 2055 853 2112 beilum.
879 2053 882 2058 ’

218 2157 297 2214 Turn
310 2153 406 2224 socios,
426 2155 571 2230 maestique
583 2166 694 2212 metum
707 2155 813 2213 solatur
825 2157 890 2222 Iuli,

219 2258 286 2315 Fata
300 2258 417 2326 doeens3
440 2255 558 2331 regique
567 2251 652 2331 jubet
664 2257 793 2333 responsa
806 2257 912 2314 Latino

218 2361 303 2416 Certa
316 2359 418 2416 referre
431 2357 514 2426 viros,
534 2369 563 2413 et
575 2357 653 2434 pacis
666 2358 760 2415 dicere
770 2359 856 2435 leges.

259 2461 367 2518 Postera
380 2460 429 2532 vix
442 2458 565 2516 summos
580 2458 728 2536 spargebat
741 2460 850 2518 lumine
862 2461 968 2519 montis

221 2563 293 2621 Orta
306 2563 375 2634 dies,
396 2561 602 2637 cumprimum
617 2561 674 2618 aito
688 2560 716 2618 se
728 2562 843 2638 gurgite
857 2563 962 2620 tollunt

221 2663 291 2720 Solis
305 2665 379 2739 equi,
399 2664 549 2737 lucemque
562 2661 644 2720 elatis
656 2662 771 2721 naribus
783 2664 895 2733 efflant3

221 2767 362 2840 Campum
376 2766 412 2821 ad
425 2769 567 2822 certamen
581 2783 693 2839 magnae
705 2764 757 2820 sub
770 2766 910 2822 moenibus
923 2764 1000 2824 urbia

221 2867 350 2924 Dimensr
364 2867 520 2940 Rutulique
533 2863 596 2933 viri,
609 2864 780 2940 Teucrique,
799 2867 937 2940 parabant
944 2890 954 2936 3

222 2971 255 3026 In
271 2967 421 3044 medioque
434 2969 519 3036 focos,
540 2977 570 3025 et
583 2968 625 3024 dis
638 2967 837 3024 communibus
850 2985 910 3025 aras
960 3046 962 3052 Ι

221 3071 398 3129 Gramineas:
421 3070 470 3126 alii
483 3070 650 3144 fontemque
663 3068 817 3143 ignemque
830 3069 971 3139 ferebant,

222 3172 316 3230 Veluti
329 3171 407 3241 limo,
427 3180 455 3228 et
469 3170 589 3228 verbena
603 3181 728 3245 tempora
740 3169 837 3228 vineti.
954 3165 957 3170 ’
