2509 3875
94 324 101 380 l
215 319 321 381 v.147.
503 312 556 370 LI
570 312 603 370 Β.
642 310 726 368 VIII.
957 314 1010 383 137

219 465 393 542 Insequitu13
414 486 467 526 noa
478 467 499 525 fi
509 467 628 544 pellant,
648 465 720 526 nibil
734 459 812 524 afore
824 463 952 534 credunt,

89 548 91 613 Ῐ
219 567 301 627 auin
311 587 429 626 omnem
438 569 605 645 Hesperiam
614 569 729 646 penitua
740 567 788 626 sna
799 567 850 626 sub
859 566 929 646 juga
942 566 1010 626 mit·

221 739 224 743 ,
295 680 368 741 ίὸὓῑ,

219 776 258 834 Et
266 793 354 844 mare,
361 774 440 849 quod
448 773 540 849 supra,
549 781 676 842 teneant,
684 773 817 849 quodque
826 771 916 829 adluit
925 771 1009 830 infra.

218 875 341 952 Adcipe,
360 877 454 952 daque
465 876 562 934 fidem.
602 878 674 934 Sunt
688 876 769 934 nobis
782 875 867 934 sortia
880 875 955 933 bello

217 979 348 1049 Pectora,
369 978 438 1036 sunt
448 978 549 1048 animi,
569 987 600 1036 et
611 981 696 1036 rebus
708 978 830 1056 spectata
838 976 983 1054 juventus.

188 1122 191 1127 ,
257 1080 379 1138 Dixerat
388 1080 511 1138 AEuoes:
532 1081 583 1139 ille
594 1100 625 1139 or
637 1079 789 1156 oculosque
800 1081 943 1156 loquentia

216 1184 286 1259 Jam
297 1182 417 1251 dudum,
436 1191 467 1240 et
478 1191 572 1240 totum
584 1182 719 1241 lustrabat
731 1182 841 1240 lamiae
854 1201 969 1260 corpus3

216 1285 298 1344 Tum
309 1283 348 1342 fic
358 1302 451 1360 pauca
460 1284 561 1342 refert:
585 1285 628 1342 Ut
641 1293 679 1355 te,
698 1283 845 1342 fortissime
854 1285 1009 1357 Teucrum,

217 1385 353 1462 Adcipio,
372 1385 577 1464 adgnoscoque,
596 1386 701 1444 libens!
727 1395 761 1443 ut
774 1389 859 1446 verba
875 1387 1009 1464 parentia

217 1489 259 1546 Et
272 1506 371 1546 vocem
382 1487 518 1546 Anchisa
529 1488 639 1564 magni,
651 1489 827 1564 voltumque,
846 1491 988 1550 recordor!

218 1590 300 1648 Nam
313 1589 441 1657 memini,
460 1589 591 1646 Hefionae
602 1588 742 1646 visentem
754 1608 840 1666 regna
852 1590 962 1660 sororia,

218 1690 481 1757 Laomedontiaden
493 1691 647 1760 Priamum,
668 1689 807 1748 Salamina
821 1702 976 1768 petentem,

218 1795 355 1851 Proteuus
367 1789 500 1850 Arcadiae
512 1789 621 1866 gelidos
633 1790 753 1848 invisere
763 1792 841 1850 finis.

218 1895 297 1954 Tum
309 1893 383 1953 mihi
394 1892 487 1971 prima
499 1910 587 1969 genas
598 1890 718 1951 vestibat
729 1892 799 1951 flore
807 1891 941 1969 juventn3

218 1998 403 2073 Iifirabarque
415 1996 502 2053 duces
511 1995 647 2063 Teucros,
666 1993 788 2051 mirabar
800 2004 830 2051 et
841 1994 935 2071 ipsum

219 2085 495 2169 Laomedontiaden3
517 2097 566 2155 sed
577 2096 687 2155 cundia
702 2097 786 2155 altior
798 2097 858 2157 ibat

220 2202 372 2262 Anchises:
394 2200 469 2259 mihi
481 2219 561 2258 mens
570 2198 698 2276 juvenali
711 2201 827 2259 ardebat
839 2220 935 2261 amore

219 2305 391 2383 conpellare
401 2302 506 2373 virum,
524 2312 554 2361 et
566 2303 674 2359 dextrae
686 2300 859 2379 conjungere
872 2305 1009 2365 dextram.

220 2409 344 2479 Adceffi‚
363 2418 395 2465 et
406 2405 525 2483 cupidus
538 2405 645 2463 Phenei
658 2404 709 2463 sub
722 2406 826 2465 moenia
838 2408 919 2467 duxi.

220 2513 274 2569 Ille
287 2511 360 2569 mihi
373 2509 514 2587 infignem
525 2508 695 2585 pharetram,
715 2510 872 2586 Lyciasque
886 2510 1011 2589 sagittar,

221 2613 386 2683 Discedens,
405 2611 643 2689 chlamydemque
656 2631 724 2671 auro
736 2613 815 2671 dedit
828 2614 992 2687 intertexto,

222 2714 368 2791 Frenaque
380 2715 457 2785 bina,
469 2734 550 2773 meur
562 2734 627 2789 quae
640 2735 717 2775 nunc
731 2716 827 2787 habet,
842 2730 936 2786 aurea,
950 2714 1016 2773 1³21-

301 2817 351 2876 lar.

223 2921 299 2997 litgo
310 2930 349 2990 et,
360 2941 447 2997 quam
460 2921 567 2999 petitis,
575 2918 676 2997 juncta
688 2921 727 2978 est
740 2918 814 2979 mihi
827 2918 933 2977 foedere
944 2919 1014 2980 dex·

302 3031 361 3096 tra,

221 3127 270 3196 Et,
290 3126 341 3185 lux
353 3146 444 3204 quum
455 3085 581 3206 primum
595 3127 677 3185 terris
689 3126 718 3185 se
729 3123 846 3183 crastina
859 3124 966 3197 reddet,

222 3231 345 3292 Auxilio
356 3231 436 3289 laetos
447 3231 603 3299 dimittam,
622 3229 780 3307 opibusque
789 3225 904 3305 juvabo.
