2509 3875
205 292 235 333 a.
246 282 310 333 302.
477 271 480 275 ’
506 270 602 331 LIB.
643 270 696 332 lv.
965 278 1001 332 13

107 390 108 405 ¹
206 429 330 505 Thyias,
344 427 397 485 ubi
410 428 508 486 audito
521 428 667 487 stimulant
679 426 820 487 trieterica
830 422 949 487 Baccho

107 572 109 593 .
206 530 305 606 Orgia,
326 530 538 606 nouatumque
550 541 634 587 vocat
645 530 768 587 clamore
779 529 936 588 Citheron.

107 600 116 625 '²
204 632 337 689 Tandem
350 632 395 689 his
409 632 525 689 AEnean
538 631 679 707 conpellat
689 630 807 688 vocibus
819 631 908 688 ultro:

244 734 430 791 Diffimulare
443 732 531 789 etiam
544 731 666 809 sperasti,
684 731 802 808 perfide,
822 742 936 790 tautum

207 835 285 891 Polie
297 834 394 893 nefas?
417 833 575 909 tacitusque
589 834 653 891 med
665 834 802 891 decedere
815 834 920 897 terral,

206 934 271 993 Nec
284 947 313 993 te
326 936 419 993 noster
429 953 516 1003 amor,
537 952 590 991 nec
604 945 634 991 te
643 936 710 991 data
720 935 835 993 dextera
845 936 1000 1011 quondam,

206 1038 271 1095 Nec
285 1036 424 1093 moritura
437 1044 516 1093 tenet
529 1035 636 1091 crudeli
648 1036 750 1092 funere
761 1035 858 1093 Dido?

107 1152 111 1183 ³
208 1140 290 1197 Quin
304 1139 393 1195 etiarn
406 1137 526 1195 hiberno
543 1136 650 1193 moliris
663 1138 750 1193 fidere
762 1137 883 1207 classem,

207 1242 245 1298 Et
257 1240 361 1298 mediis
374 1258 505 1315 properas
520 1238 712 1313 Aquilonibus
724 1238 766 1295 ire
778 1258 830 1315 per
841 1241 942 1311 altum,

208 1342 358 1400 Crudelis?
382 1340 480 1397 Quid?
502 1340 593 1396 finon
607 1358 672 1397 arva
687 1340 789 1409 aliena,
808 1342 962 1419 domosque

207 1445 334 1520 Ignotae,
354 1452 473 1519 peteres,
494 1450 523 1497 et
534 1438 618 1515 Troja
632 1440 747 1515 antiqua
761 1454 905 1515 maneret,

207 1546 292 1622 Troja
306 1564 357 1622 per
371 1544 510 1601 undosum
522 1551 667 1618 peteretur
677 1543 808 1601 claffibus
819 1550 932 1620 aequor?

209 1648 298 1705 Mene
318 1647 411 1723 fugis?
440 1646 492 1703 Per
511 1664 566 1721 ego
584 1644 636 1703 has
654 1645 792 1716 lacrimas,
815 1648 1002 1726 dextramque

286 1760 376 1819 tuam,
398 1758 435 1816 te,

211 1854 336 1911 Quando
351 1852 429 1909 aliud
442 1850 514 1907 mihi
524 1848 584 1926 jam
598 1849 708 1907 miserae
719 1851 794 1909 nihil
808 1853 868 1928 ipsa
881 1855 999 1931 reliqui!

210 1959 261 2014 Per
272 1955 416 2015 connubia
429 1955 530 2024 nostra,
549 1971 600 2030 per
612 1951 741 2029 inceptos
754 1956 926 2030 Hymenaeos
933 1982 943 2028 ς

211 2061 240 2116 Si
253 2061 332 2116 bene.
339 2057 410 2134 quid
422 2059 458 2114 de
471 2067 499 2113 te
512 2055 614 2124 merui,
634 2056 691 2112 suit
703 2067 753 2114 aut
766 2057 819 2114 tibi
832 2059 991 2134 quidquam

211 2162 304 2219 Dulce
316 2180 429 2231 meum,
451 2159 582 2216 miserere
595 2160 836 2229 domuslabentis,
850 2173 881 2218 et
892 2162 983 2237 istam,

213 2265 281 2335 Oro,
303 2264 322 2320 fi
337 2264 400 2338 quis
412 2263 504 2320 adhuc
517 2261 648 2338 precibus
660 2262 748 2333 locus,
768 2283 841 2322 exue
853 2278 988 2326 mentem.

210 2367 253 2425 Te
265 2377 380 2442 propter
395 2365 508 2441 Libycae
522 2372 631 2440 gentes,
644 2365 866 2444 Nomadumque
879 2372 1001 2447 tyranni,

212 2470 321 2540 Odere,
341 2468 445 2525 infensi
457 2468 552 2544 Tyrii:
575 2477 604 2524 te
616 2477 731 2543 propter
743 2472 876 2529 eumdem

211 2572 371 2628 Exstincius
384 2571 484 2646 pudor,
503 2580 541 2640 et,
562 2571 618 2644 qud
632 2570 690 2627 soli
703 2571 790 2631 fidera
802 2576 924 2644 adibam,

212 2675 297 2732 Fama
310 2673 394 2750 prior.
415 2673 473 2730 Cui
481 2692 530 2730 me
541 2673 742 2732 moribundam
754 2676 865 2746 deseris,
885 2678 1013 2753 hospes?

211 2776 382 2860 Hocsssolurn
394 2794 498 2832 nornen
511 2775 649 2850 quoniam
661 2778 697 2834 de
709 2777 933 2855 conjuge-restat.
1012 2779 1016 2784 ⁴

107 2867 108 2878 ¹
214 2880 295 2938 Quid
305 2880 415 2936 moror?
430 2897 466 2935 an
476 2897 539 2935 mea
548 2857 714 2954 Pygmalion
726 2883 794 2938 dum
802 2881 906 2938 moeuia
916 2880 1003 2945 frater

213 2981 354 3049 Destruat,
375 2991 424 3038 aut
436 2991 548 3056 captam
561 2983 648 3040 ducat
659 2983 788 3040 Gaetulus
800 2984 914 3064 Iarbas?
928 3032 931 3035 .

212 3084 325 3154 Saltem,
346 3084 367 3144 fi
381 3102 438 3158 qua
450 3085 523 3142 mibi
537 3086 572 3142 de
585 3095 614 3142 te
626 3085 753 3161 suscepta
765 3083 861 3141 fuiffet
1079 3163 1082 3168 Ι

211 3187 290 3244 Aule
302 3187 402 3263 fugam
414 3185 524 3246 suboles
530 3213 539 3260 3
560 3189 580 3246 ss
593 3188 658 3262 quis
670 3186 741 3244 mihi
754 3189 885 3261 parvulus
897 3191 962 3249 auli
1013 3207 1016 3214 ·
