2509 3875
98 346 99 349 ¹
208 322 324 375 moos
535 318 634 381 ΗΒ.
673 318 712 375 V.
981 325 1021 389 39

208 470 328 529 viuort
335 471 517 551 chlamydem
528 484 666 545 auratam,
677 492 765 552 quam
774 471 899 551 plurima
909 472 1019 532 circum

101 572 110 589 ²
206 575 341 649 Purpura
355 576 506 639 Maeandro
518 576 628 654 duplici
641 577 780 636 Meliboea
792 576 918 635 cucurrit
923 602 932 650 3
955 663 957 670 Ι

207 678 406 753 Intentusque
418 698 488 755 pum
502 679 634 737 frondotd
647 680 743 758 regius
756 680 808 736 {da

98 816 99 829 η
207 780 330 861 Veloois
339 778 437 857 jaculo
448 800 555 851 cervos,
575 782 724 859 cursuque,
745 782 851 857 fatigat

208 884 301 952 Acer,
321 883 468 941 anhelanti
482 884 581 941 timilis
588 910 597 955 ;
619 904 706 961 quem
719 904 827 962 praepes
839 886 878 942 ab
890 886 944 944 Ida

207 984 376 1044 Sublimem
387 986 508 1063 pedibus
524 986 618 1065 rapuit
630 988 709 1064 Jovis
722 987 848 1063 armiger
860 986 951 1046 uncis.

208 1088 352 1164 Longaevi
365 1088 472 1165 palmas
486 1089 681 1165 nequidquam
693 1089 729 1146 ad
743 1090 830 1147 lidera
843 1092 968 1149 tendunt

211 1190 367 1261 custodes,
389 1189 526 1267 saevitque
539 1210 644 1248 canum
656 1191 776 1249 latratus
788 1191 820 1248 in
834 1210 925 1251 auras.

210 1294 266 1362 At,
281 1292 332 1367 qui
345 1292 449 1350 deiude
462 1293 560 1351 locum
573 1293 666 1350 tenuit
679 1292 786 1351 virtute
799 1293 965 1367 secundum,

210 1394 347 1455 Laevibus
359 1396 437 1465 huic,
458 1396 550 1453 hamis
568 1395 728 1460 consertam
740 1416 866 1472 auroque
880 1398 1013 1469 trilicem,

209 1498 355 1569 Loricam,
376 1518 463 1574 quam
478 1499 617 1555 Demoleo
631 1500 793 1556 detraxerat
806 1498 871 1575 ipse-

211 1600 311 1659 viuor
323 1602 399 1677 apud
411 1600 545 1677 rapidum
559 1600 705 1658 Simoenta
717 1600 770 1657 sub
783 1600 838 1658 llio
850 1601 918 1669 alto,

173 1746 179 1759 .
209 1703 431 1763 Donat-babere
444 1702 514 1771 viro,
535 1702 620 1760 decus
633 1711 663 1759 et
676 1710 807 1761 tutamen
820 1702 852 1760 in
865 1702 961 1762 umis.

209 1806 272 1863 Vix
284 1806 365 1863 illam
378 1804 481 1863 famuli
495 1803 624 1882 Phegeus
637 1804 805 1881 Sagarisque
818 1804 951 1864 ferebant

208 1890 418 1986 Multiplieem‚
438 1907 557 1967 connisi
569 1906 696 1966 humeris
701 1931 710 1977 ς
730 1906 849 1964 indutus
861 1916 892 1965 at
903 1907 974 1970 olim

208 2013 364 2072 Demoleos
377 2011 461 2069 oursu
474 2011 596 2088 palantis
609 2010 699 2068 Troas
711 2010 824 2086 agebat.

208 2115 310 2178 Tertia
323 2117 397 2173 dona
410 2114 481 2172 facit
494 2114 624 2190 geminos
636 2131 673 2170 es
691 2131 747 2170 aere
759 2112 867 2170 lebetas
871 2135 880 2184 ς

209 2219 401 2298 cymbiaque,
420 2226 540 2294 argento
552 2215 687 2292 perseus,
706 2224 793 2291 atque
805 2215 901 2294 aspera
915 2215 1011 2294 lignis.

249 2323 373 2400 Jamque
386 2321 457 2378 adeo
469 2317 569 2376 donati
581 2336 690 2386 omnes,
705 2319 865 2396 opibusque
876 2319 999 2399 superbi,

209 2425 344 2485 Puniceis
356 2425 437 2482 ibant
450 2422 556 2482 eviniti
569 2432 697 2498 tempora
711 2425 792 2486 taenis
798 2448 807 2494 3

174 2563 178 2569 -
211 2530 324 2598 Quum,
345 2527 418 2586 saevo
427 2545 447 2585 e
459 2527 576 2604 scopulo
589 2525 682 2584 multa
694 2526 744 2584 vix
757 2538 818 2586 arte
831 2528 965 2600 revolsus,

210 2632 327 2692 Amiffis
341 2632 436 2702 remis,
456 2639 542 2708 atque
556 2629 656 2690 ordine
670 2631 772 2689 debilis
785 2651 855 2702 uno,

210 2736 333 2795 larisam
346 2737 405 2794 fine
418 2735 525 2792 honore
538 2743 631 2792 ratem
643 2734 785 2811 Sergestus
798 2737 912 2812 agebat.

212 2839 325 2909 Qualis,
345 2839 418 2916 saepe
432 2837 485 2896 viae
498 2836 651 2915 deprensus
662 2838 695 2895 in
709 2857 823 2915 aggere,
838 2837 960 2912 serpens,

210 2944 300 3004 AErea
312 2963 400 3020 quem
409 2942 634 3019 obliquumrota
643 2941 766 3012 tmnfiit5
781 2948 832 3016 aut
844 2939 938 3016 gravis
949 2940 1010 3000 iun

212 3047 390 3106 seminecem
403 3046 489 3123 liquit
502 3047 571 3116 saxi,
591 3047 784 3120 lacerumque,
803 3041 910 3115 viator;

209 3151 417 3228 Nequidquam
428 3150 529 3227 longos
542 3150 657 3226 fugiens
670 3149 719 3206 dat
731 3163 848 3221 corpore
862 3155 962 3220 tortus,

211 3257 293 3314 Parte
306 3255 398 3326 ferox,
417 3249 574 3328 ardensque
586 3251 687 3321 oculis,
705 3257 736 3308 et
748 3247 828 3307 libila
840 3252 912 3309 colla
