2509 3875
203 268 231 311 r.
244 258 313 310 252.
503 253 602 312 LIB.
642 254 709 312 VII.
907 241 910 248 ⁴
946 259 1001 322 109

208 405 285 462 Pieta
297 412 404 474 moret,
413 425 467 464 nec
479 407 588 483 sceptra
597 416 718 479 ¹movent
729 404 866 465 Priameia
878 411 1000 473 tantum,

208 507 362 564 Quantum
379 506 410 564 in
430 511 574 568 connubio
594 520 677 580 natae,
698 509 889 584 thalamoque,
910 523 1002 566 mora*

287 618 347 681 tur,

159 768 163 772 ,
208 712 247 768 Et
259 711 361 768 veteris
374 712 466 769 Fanni
478 713 569 770 volvit
582 713 634 770 sub
646 713 759 789 pedore
772 710 890 768 sortem:

209 814 297 869 Hunc
308 813 393 870 illum
405 813 482 883 satis,
501 816 620 872 externa
632 817 669 872 ab
680 813 745 872 sede
758 813 924 889 profestum,

207 914 342 970 Portendi
355 932 501 990 generum,
520 915 693 991 paribusque
705 915 737 972 in
748 933 835 992 regna
849 912 942 972 vocari

208 1014 354 1090 Auspiciis
361 1040 370 1086 5
391 1016 461 1073 huic
472 1018 639 1094 progeniem
653 1017 760 1074 virtute
772 1016 899 1074 suturam

209 1116 373 1192 Egregiam,
396 1128 427 1174 et
440 1127 534 1176 totum
546 1137 611 1194 quae
623 1118 731 1177 viribus
743 1127 864 1194 occupet
876 1119 983 1176 orbem.

209 1219 341 1276 Tandem
353 1219 436 1276 laetus
451 1219 505 1276 aits
526 1220 567 1278 Di
579 1222 672 1278 nostra
684 1220 797 1296 incepta
810 1219 975 1287 secundent,

209 1321 432 1396 Auguriumque
443 1321 536 1379 suum.
571 1321 706 1390 Dabitur,
718 1319 850 1396 Trojane,
864 1321 940 1396 quod
952 1339 1003 1396 op-

287 1431 337 1478 tas.

210 1523 333 1580 Munera
346 1542 400 1582 nec
413 1524 521 1600 sperno.
560 1526 631 1584 Non
643 1526 732 1595 vobis,
753 1543 819 1602 rege
832 1526 945 1595 Latino,

210 1625 316 1682 Divitis
328 1628 399 1684 uber
412 1626 482 1702 agri,
501 1625 631 1702 Trojaeve
643 1627 798 1703 opulentia,
818 1628 917 1686 deerit.

211 1727 275 1803 Ipse
287 1729 374 1785 modo
385 1728 504 1797 AEneas,
523 1728 609 1785 nostri
621 1729 642 1785 sr
657 1738 736 1786 tanta
749 1728 853 1804 cupido
865 1729 914 1799 est,

211 1828 240 1886 Si
250 1827 336 1905 jungi
349 1829 473 1906 hospitio
485 1835 626 1906 properat,
647 1829 793 1904 sociusque
806 1829 910 1898 vocari,

210 1932 370 2004 Adveniat3
391 1932 485 1991 voltus
498 1951 570 1991 neve
582 1931 760 1991 exhorrescat
772 1931 890 1989 amicos:

210 2036 276 2092 Pars
288 2034 361 2092 mihi
373 2034 451 2112 pacis
462 2034 518 2092 erit
530 2035 662 2092 dextram
675 2033 798 2109 tetigisse
809 2032 932 2109 tyranni·

211 2138 269 2195 Vos
281 2146 380 2195 contra
393 2135 453 2213 regi
467 2155 530 2194 mea
543 2155 621 2193 nunc
634 2136 768 2193 mandata
780 2135 893 2194 referte.

211 2239 259 2295 Est
271 2238 345 2295 mihi
357 2247 433 2306 nata,
452 2238 515 2296 viro
527 2238 621 2315 gentis
634 2258 719 2313 quam
729 2236 850 2314 jungere
863 2239 971 2311 nostrae,

211 2339 279 2398 Non
293 2340 387 2416 patrio
399 2359 436 2397 ex
448 2341 535 2416 adyto
547 2340 643 2409 sortes,
663 2357 720 2397 non
734 2339 857 2415 plurima
869 2341 944 2399 cmlo

211 2442 339 2500 Monstra
352 2442 465 2499 finnnt:
487 2460 604 2517 generos
615 2442 741 2499 extemis
754 2442 851 2507 adfore
863 2446 900 2501 ab
912 2443 978 2514 oris,

212 2544 278 2600 Hoc
291 2543 375 2601 Latio
386 2542 487 2601 restare
499 2552 616 2610 mount,
636 2544 686 2619 qui
699 2541 837 2619 sanguine
850 2545 975 2624 nostrum

101 2660 115 2665 ·
211 2646 328 2703 Nomen
341 2644 372 2701 in
385 2645 455 2701 astra
468 2644 571 2701 serant.
610 2646 700 2701 Hunc
712 2644 793 2702 illum
807 2645 919 2721 poscere
932 2646 994 2703 fata

212 2748 250 2805 Et
263 2766 335 2817 reor,
355 2756 394 2814 et,
414 2745 518 2821 siquid
532 2744 594 2803 veri
606 2764 687 2803 mens
699 2758 828 2823 augurat,
849 2757 925 2823 opto.

251 2850 324 2908 Haec
335 2850 447 2919 effatus,
467 2868 554 2924 equos
567 2868 686 2907 numero
698 2858 779 2924 pater
791 2849 872 2925 eligit
886 2848 983 2907 omnis

213 2954 331 3009 Stabant
344 2960 515 3009 tercentum
528 2951 614 3007 nitidi
626 2950 657 3006 in
670 2930 840 3026 praesepibus
852 2950 933 3009 altis:

212 3054 356 3111 Omnibus
368 3054 514 3129 extemplo
525 3052 644 3115 Teucris
653 3050 736 3127 jubet
748 3053 846 3108 ordine
859 3052 926 3109 duci

210 3155 344 3213 Instratos
356 3153 429 3211 ostro
441 3154 573 3229 alipedes,
592 3152 732 3229 pratisque
745 3152 854 3239 tapetio,
