2509 3875
233 308 290 368 156
492 309 728 372 AENEIDO
742 313 769 382 S,
921 331 950 371 v.
963 312 1035 372 642.

231 466 320 524 Haud
329 466 427 542 procul
437 466 515 538 inde
525 467 591 526 citae
600 469 717 528 Metam
727 467 758 528 in
769 467 877 527 diversa
885 469 1033 546 quadrigae

229 568 427 641 Distulerant3
452 574 496 643 (at
509 579 541 628 tu
554 571 647 640 dictis,
667 572 792 639 Albane,
812 589 941 630 maneres
949 571 970 646 l)

226 671 429 748 ‘Raptabatque
443 672 498 730 viri
511 673 658 732 mendacis
670 673 776 732 viscera
789 673 892 732 Tullus

230 775 283 832 Per
296 774 403 845 silvam,
424 785 454 833 et
467 776 550 852 sparfi
564 778 698 834 rorabant
710 775 850 852 sanguine
864 796 970 854 vepres.

267 877 333 936 Nec
346 897 404 936 non
416 878 609 954 Tarquinium
621 877 746 954 ejectum
760 877 880 937 Porsena
888 877 1008 955 jubebat

228 979 381 1056 Adcipere,
400 979 571 1057 ingentique
588 983 690 1038 urbem
703 981 849 1040 obsidione
863 985 1010 1058 premebat
1015 1008 1026 1056 5

228 1079 370 1139 AEneadae
382 1082 413 1139 in
427 1082 535 1140 ferrum
546 1102 598 1160 pro
612 1083 745 1142 libertate
758 1084 889 1142 ruebant.

227 1183 315 1240 Illum
327 1183 493 1260 indignanti
507 1184 637 1254 fluxilem,
658 1184 836 1261 fimilemque
850 1185 980 1255 minanti,

226 1286 409 1362 Adspiceres3
431 1295 551 1362 pontem
565 1288 682 1344 auderet
695 1291 772 1364 quod
785 1289 890 1347 vellere
903 1291 1012 1362 Cocles,

226 1388 265 1446 Et
277 1388 400 1446 fluvium
412 1388 514 1446 vinclis
525 1388 640 1446 innaret
654 1390 756 1448 Cloelia
770 1389 871 1468 ruptis.
1126 1385 1128 1390 ¹

266 1492 301 1547 ln
314 1491 425 1548 summo
437 1491 529 1548 custos
541 1491 671 1568 Tarpeia
684 1492 813 1552 Manlius
827 1493 899 1552 arcis

142 1625 147 1637 x
225 1593 323 1650 Stabat
334 1612 387 1670 pro
400 1594 517 1671 templo,
537 1604 567 1652 et
580 1594 724 1670 Capitolia
737 1596 810 1654 celsa
823 1595 952 1673 tegebat;

226 1696 423 1772 Romuleoque
436 1716 534 1755 recens
546 1698 679 1764 horrebat
692 1698 771 1775 regia
783 1698 889 1758 culmo.

225 1801 325 1875 Atque
337 1799 386 1857 hic
399 1801 506 1858 auratis
519 1801 642 1858 volitans
655 1810 806 1876 argenteus
819 1801 900 1860 anser

224 1902 382 1961 Porticibus
395 1904 492 1963 Gallos
505 1904 536 1962 in
549 1903 651 1963 limine
665 1903 757 1963 adeffe
768 1905 903 1965 canebat:
1018 1958 1023 1971 ‚

223 2005 301 2063 Galli
313 2026 365 2083 per
376 2009 477 2065 dumos
489 2009 615 2075 aderant,
636 2026 787 2083 arcemque
800 2010 948 2079 tenebant,

222 2108 341 2169 Defenfi
355 2110 487 2178 tenebris,
508 2120 538 2167 et
551 2112 627 2168 dono
641 2110 731 2169 noblis
744 2130 852 2187 opacae3

222 2210 319 2268 Aurea
332 2211 465 2269 caesaries·
474 2211 548 2282 ollis,
569 2222 657 2287 atque
672 2228 756 2271 aurea
769 2213 851 2271 vestis
856 2238 865 2285 ;

221 2312 350 2387 Virgatis
362 2314 462 2370 lucent
475 2313 594 2391 sagulis3
615 2324 679 2373 tum
691 2315 780 2373 lanea
793 2294 868 2375 'colla

221 2416 303 2473 Auro
316 2415 514 2473 innectunturz
537 2418 595 2474 duo
608 2416 728 2493 quisque
739 2418 847 2495 Alpina
861 2414 1021 2487 coruscant

221 2515 302 2575 Gaesa
315 2536 413 2585 manu,
433 2516 520 2576 scutis
532 2520 654 2595 protetti
668 2539 785 2597 corpora
798 2520 903 2598 longis.

260 2620 319 2677 Hic
332 2619 501 2677 exsultantis
514 2622 602 2680 Salios
614 2624 762 2698 nudosque
776 2624 928 2699 LupercoS‚
944 2606 946 2611 ¹

221 2724 433 2800 Lanigerosque
444 2725 539 2799 apices
552 2734 582 2781 et
592 2720 671 2783 labsa
685 2726 788 2785 ancilia
802 2728 885 2795 coelo,

219 2827 393 2885 Extuderat:
415 2828 496 2884 castae
508 2828 651 2886 ducebant
664 2828 740 2887 sacra
754 2848 805 2905 per
817 2832 920 2891 urbem
1017 2894 1019 2897 ⁸

92 2970 95 2976 ·
220 2931 338 2988 Pilentis
350 2941 454 2988 matres
466 2930 497 2987 in
512 2931 656 2989 mollibus,
696 2932 776 2989 Hinc
788 2932 887 3008 procul
900 2931 981 2993 addit

219 3034 368 3091 Tartareas
380 3033 470 3091 etiarn
482 3032 570 3102 sedes,
590 3034 648 3092 alta
662 3034 729 3093 ostia
742 3032 820 3093 Ditis
824 3061 833 3107 3

189 3142 193 3152 ’
219 3135 258 3191 Et
270 3134 408 3194 scelerum
418 3156 530 3213 poenas3
552 3146 583 3194 et
595 3146 633 3208 te,
655 3139 790 3211 Catilina,
811 3142 918 3201 minaci

219 3238 394 3295 Pendentem
406 3238 531 3317 scopulo,
549 3240 755 3319 Furiarumque
768 3264 817 3303 ora
831 3254 1001 3307 trementem
1006 3257 1020 3319 ς’
