2509 3875
222 299 263 362 9⁰
481 287 756 358 AENEIDOS‚
904 288 1019 387 Jv.709.

224 443 300 504 Lilia
312 442 483 513 funduntur,
502 444 601 520 strepit
618 443 712 502 omnis
729 458 875 500 murmure
892 457 1018 514 campus.

264 545 410 604 Horrescit
423 546 484 603 visu
497 546 601 617 subito,
620 545 783 619 caussasque
794 540 924 616 requirit,
973 615 975 622 Ι

225 647 334 707 Inscius
346 649 469 720 AEneas;
489 666 554 724 quae
567 649 621 706 smt
633 666 666 706 es
679 645 799 705 flumina
813 662 905 722 porro,

167 759 170 763 ’
226 749 323 806 Quive
335 750 390 808 viri
403 760 483 808 tanto
495 752 657 828 conplerint
669 749 784 826 agmine
797 748 881 826 ripas.

224 851 302 908 Tum
314 861 395 929 pater
406 852 560 912 Anchises:
582 852 706 922 Animae,
727 851 830 927 quibus
843 850 931 908 altera
944 849 1005 908 sato

144 1002 149 1010 .
225 954 351 1029 Corpora
363 956 513 1024 debentur,
533 955 644 1012 muer
656 937 693 1012 ad
705 951 832 1011 fluminis
844 952 953 1010 undam
999 1019 1002 1026 .

226 1056 340 1114 Securos
353 1056 461 1127 latices,
481 1067 512 1114 et
523 1057 609 1134 longa
622 1056 737 1124 oblivia,
752 1064 863 1132 potant.
933 1115 935 1122 ,

226 1158 287 1216 Has
303 1157 437 1233 equidem
455 1177 611 1216 memorare
630 1159 692 1228 tibi,
712 1167 797 1234 atque
815 1157 957 1216 ostendere
970 1177 1018 1216 co·

302 1277 374 1328 fam»

225 1361 400 1440 Jampridem
414 1361 489 1420 hanc
501 1362 611 1439 prolem
619 1362 713 1439 cupio,
728 1373 758 1420 ct
769 1380 929 1432 numerare,
939 1381 1017 1420 meo·

302 1483 381 1522 rum:
592 1514 595 1518 Δ

225 1568 296 1625 Quo
308 1567 400 1644 magis
413 1568 498 1626 Italis
509 1587 624 1626 mecum
636 1569 731 1650 laetere
744 1568 863 1646 reperti.

225 1668 254 1727 O
266 1680 356 1745 pater,
375 1688 450 1727 anne
468 1670 577 1746 aliquas
593 1671 629 1728 ad
646 1670 751 1730 coelum
769 1667 837 1728 lrinc
853 1669 895 1728 ire
912 1677 1016 1748 putau-

303 1773 373 1830 dum
385 1771 425 1830 est

224 1873 365 1946 Sublimes
382 1873 492 1934 animas
496 1899 506 1947 3
527 1874 689 1951 iterumque
701 1873 732 1932 in
745 1874 824 1932 tarda
838 1874 941 1932 reverti

224 1977 368 2055 Corpora?
388 1978 453 2054 qu're
464 1977 536 2036 lucis
548 1976 657 2037 miseris
671 1988 729 2034 tarn
742 1976 803 2033 dira
816 1976 938 2053 cupido?

149 2125 152 2136 .
224 2079 329 2138 Dicam
341 2081 483 2156 equidem,
504 2098 558 2139 nec
571 2089 599 2136 te
612 2077 786 2154 suspensum,
807 2088 882 2148 nate,
904 2079 1016 2148 tenebo,

224 2182 346 2257 Suscipit
358 2180 512 2239 Anchises:
535 2191 621 2256 atque
633 2179 732 2239 ordine
745 2180 854 2256 singula
867 2179 977 2257 pandit.

263 2283 414 2361 Principio,
427 2284 542 2352 coslum,
560 2302 593 2341 ac
608 2291 704 2351 terras,
723 2300 892 2358 camposque
905 2282 1017 2358 liquen-

339 2385 386 2453 tis,
818 2396 821 2405 '

223 2489 437 2563 Lucentemque
449 2486 567 2563 globum
582 2487 687 2553 Lunae,.
700 2486 873 2561 Titaniaque
886 2486 965 2555 stira,

158 2661 161 2665 ι
223 2590 344 2667 Spiritus
356 2591 433 2649 intus
445 2590 512 2660 alit3
534 2600 689 2667 totamque,
708 2590 802 2649 infusa
815 2610 866 2668 per
878 2601 964 2662 artus,

223 2694 308 2752 Mens
321 2690 411 2769 agitat
422 2682 538 2761 molem,
557 2701 587 2751 et
599 2711 706 2769 magno
717 2692 745 2751 se
758 2712 873 2770 corpore
886 2694 995 2753 miscet.

223 2797 296 2854 Inde
308 2796 457 2854 hominum
468 2795 669 2871 pecudumque
679 2814 778 2872 genus,
787 2795 1015 2872 vitaequevolan·

301 2907 374 2968 tum,

222 3002 260 3059 Et
272 3020 336 3076 quae
345 3018 503 3057 marmoreo
515 3000 571 3056 sert
582 2999 704 3057 monstra
714 3000 767 3058 sub
777 2988 890 3077 aequore
900 3009 1015 3079 pontus.

222 3103 328 3179 Igneus
340 3102 379 3160 est
391 3101 456 3159 ollis
468 3102 558 3179 vigor,
578 3111 608 3160 et
619 3102 737 3163 coelestis
750 3101 842 3181 origo,

223 3204 383 3263 Seminibus
390 3228 400 3277 ς
420 3216 559 3281 quantum
572 3223 631 3263 non
644 3204 728 3265 noxia
742 3224 858 3283 corpora
871 3208 993 3277 tardant,
1068 3194 1073 3203 ’
