2509 3875
255 322 314 375 280
507 314 785 387 AENEIDOS,
941 324 1063 375 mm.

255 470 386 531 Abstulit
398 470 464 529 cnsc
476 480 571 548 caput,
590 482 784 548 truncumque
795 471 913 547 reliquit
925 490 1035 531 areuae.

293 580 401 651 Atque,
415 574 528 633 eadum
538 576 648 653 campis
657 576 748 635 vilior
756 576 808 633 dat
816 576 919 633 firnera
928 577 1066 645 Tumue,

255 679 368 737 Interea
381 676 496 737 AEnean
511 678 677 737 Mnestheus
688 690 720 737 et
731 679 806 737 fidus
818 679 946 737 Achates

255 781 452 858 Ascaniusque
465 800 560 840 comcs
573 782 668 841 castris
680 783 801 841 statuere
816 792 978 850 cruentum,

256 886 392 945 Alternoa
404 886 491 963 longh
503 886 644 944 nitentem
657 885 774 965 cuspide
786 886 902 962 greffus.

257 988 351 1058 Saevit,
371 1002 401 1047 et
414 988 536 1047 infraue
550 990 675 1048 luctatur
686 989 826 1048 arundine
839 990 931 1047 telum

256 1091 382 1168 Eripere,
403 1092 570 1169 auxilioque
582 1094 669 1162 viam,
689 1112 754 1169 quae
771 1092 913 1169 proxima,
929 1091 1039 1168 poscit:

258 1196 332 1253 Ense
346 1193 441 1253 secent
454 1196 513 1255 lato
526 1198 636 1267 volnus,
656 1197 766 1273 telique
778 1196 919 1254 latebram

258 1297 432 1357 Rescindaut
444 1300 566 1376 penitus,
588 1300 702 1377 seseque
714 1300 746 1357 in
759 1300 835 1357 bella
847 1299 1008 1356 remittant.

257 1404 379 1481 Jamque
392 1402 497 1473 aderat,
519 1404 626 1462 Phoebo
639 1415 706 1463 aute
718 1404 789 1461 alios
802 1402 932 1469 ditonus,
952 1400 1031 1477 Iapis

258 1504 361 1563 Iasides
366 1530 374 1575 3
396 1505 454 1563 acri
468 1508 614 1581 quondam
627 1509 675 1567 cui
687 1519 787 1585 captus
798 1526 896 1565 amore

259 1609 324 1687 lpse
337 1608 400 1667 suas
413 1610 490 1681 artis,
510 1610 559 1669 sua
573 1630 702 1682 munera,
722 1612 805 1669 letus
817 1609 926 1685 Apollo

260 1714 438 1801 Augurium,
452 1714 650 1791 citharamque
660 1716 755 1783 dabat,
767 1714 924 1789 celerisque
935 1711 1067 1787 sagittas.
1166 1693 1168 1724 ⁸

261 1818 326 1885 Ille,
346 1828 381 1875 ut
393 1816 513 1895 depositi
526 1818 664 1895 proferret
677 1819 738 1875 fata
749 1816 884 1895 parentis,

262 1921 339 1980 Scire
353 1922 502 2000 potestates
514 1921 678 1993 herbarum,
698 1920 838 1996 usumque
852 1918 997 1988 medendi,

260 2025 378 2094 Maluit,
398 2037 428 2084 et
441 2035 535 2084 mutas
548 2025 657 2101 agitare
669 2025 808 2101 inglorius
820 2024 897 2081 artis.

263 2129 369 2196 Stabat,
381 2131 480 2186 acerba
495 2128 630 2198 fremens,
643 2126 799 2204 ingentem
806 2125 892 2184 nixus
901 2125 933 2182 in
944 2124 1069 2198 hastam,

262 2230 386 2300 AEneas3
408 2248 515 2306 magno
524 2228 677 2306 juvenum,
697 2238 727 2286 et
740 2229 884 2286 merentis
897 2227 963 2295 Iuli,

263 2328 420 2397 concursu,
440 2330 564 2388 lacrimis
578 2330 735 2389 inmobilis.
775 2331 829 2388 Ille
840 2339 948 2388 retorto

262 2431 409 2489 Paeonium
423 2431 454 2487 in
467 2449 575 2488 morem
590 2431 683 2490 senior
695 2432 854 2491 succinctus
866 2432 983 2500 amihiu,

263 2532 359 2592 Multa
373 2549 461 2590 manu
475 2533 596 2602 medica,
610 2534 768 2611 Phoebique
780 2535 947 2612 potentibus
960 2535 1071 2605 herbis,

264 2634 473 2712 Nequidquam
486 2634 609 2711 trepidat
613 2661 622 2708 ς
638 2638 834 2713 nequidquam
846 2638 954 2715 spicula
965 2638 1073 2696 dextra

265 2739 415 2808 Sollicitat,
436 2737 605 2815 prensatque
618 2741 713 2798 tenaci
726 2741 835 2816 forcipe
848 2742 965 2799 serrum.

265 2844 356 2903 Nulla
369 2843 444 2901 viam
460 2843 584 2900 Fortuna
597 2841 672 2918 regit
677 2867 686 2913 3
708 2842 782 2900 nihil
795 2844 893 2901 aubior
907 2843 1015 2919 Apollo

266 2947 420 3018 subvenit,
441 2955 471 3002 et
483 2943 690 3022 saevuscampis
700 2946 801 3022 magis,
811 2965 845 3003 ae
856 2945 957 3023 magis,
967 2945 1071 3004 hormr
1166 2986 1168 2995 ·

266 3048 436 3115 crebrescit,
455 3047 627 3124 propiusque
646 3048 756 3105 malum
775 3049 823 3106 est.
864 3051 930 3126 Jam
948 3049 1070 3126 pulvere

345 3151 453 3208 coelum

268 3253 347 3310 Stare
360 3251 472 3321 vident,
494 3250 617 3310 subeunt
630 3249 749 3326 equites,
769 3258 800 3308 et
812 3250 922 3333 spicula
934 3253 1031 3313 castris
