2509 3875
228 343 269 395 80
482 334 759 403 AENEIDOS,
913 338 1018 392 ma.

224 491 279 550 His
293 491 457 561 Phaedram,
470 490 653 566 Procrinque,
664 490 744 560 locis,
763 490 945 565 maestamque
960 487 1022 547 Eri·

301 595 419 671 phylen,

223 697 354 756 Crudelis
367 698 426 755 nati
440 697 646 754 monstrantem
658 697 782 764 volnera,
802 695 905 764 cernit,

224 800 426 875 Evadnenque,
446 809 476 856 et
489 799 657 876 Pasiphaen:
679 799 724 856 his
738 796 891 856 Laodamia

223 903 251 958 It
261 919 365 971 comes,
378 913 408 958 et
416 901 530 978 juvenis
546 903 702 977 quondam,
716 919 793 958 nuno
803 899 912 957 femina
926 899 1021 956 Caenis

223 1003 338 1072 Rursus,
358 1012 387 1060 et
401 1004 432 1060 in
447 1004 571 1060 veterem
585 1004 647 1060 fato
660 1003 787 1060 revoluta
801 1001 930 1078 liguram.

261 1107 342 1163 Inter
354 1125 423 1182 quas
436 1105 585 1173 Phoeniffa,
605 1124 702 1162 recens
719 1124 735 1162 a
748 1105 870 1174 volnere,
891 1103 969 1161 Dido

222 1209 342 1266 Errabat
355 1209 422 1265 filva
435 1208 466 1265 in
480 1210 600 1283 magns:
622 1225 711 1282 quam
723 1206 827 1264 Troius
840 1206 931 1274 heros,

223 1313 268 1368 Ut
280 1310 407 1386 primum
415 1309 500 1387 juxta
513 1310 599 1379 stelit,-
619 1309 813 1385 adgnovitque
825 1325 876 1385 per
888 1310 1002 1366 umbras

223 1411 392 1479 Obscuram,
412 1413 528 1487 qualem
540 1412 633 1488 primo
647 1412 697 1488 qui
711 1411 824 1488 surgere
838 1411 934 1468 mense

224 1517 287 1574 Aut
299 1515 385 1585 videt,
406 1523 456 1572 aut
468 1513 567 1571 vidisse
580 1524 673 1590 putat,
692 1533 743 1591 per
755 1513 853 1571 nubila
868 1516 994 1584 Lunam;

223 1616 348 1676 Demisrt
359 1616 499 1686 lacrimas,
519 1616 655 1692 dulcique
668 1616 780 1674 adfatus
793 1633 889 1674 amore
902 1615 955 1673 est:

223 1718 330 1778 Infelix
343 1719 431 1789 Dido,
451 1734 534 1778 verus
548 1717 621 1775 mihi
635 1718 752 1776 nuntius
765 1737 834 1794 ergo

224 1823 350 1880 Venerat
363 1821 540 1890 exstiueiam,
561 1821 693 1896 ferroque
706 1830 834 1879 extrema
849 1822 990 1880 secutam?

224 1925 344 1983 Funeris
356 1923 427 1983 beul
449 1923 504 1983 tibi
517 1923 609 1983 caussa
620 1923 683 1981 fui?
704 1925 757 1982 Per
770 1923 857 1981 fidera
868 1923 942 2001 juro,

224 2032 276 2089 Per
289 2030 410 2108 superos,
430 2039 469 2099 et,
489 2030 511 2086 si
524 2046 581 2104 qua
594 2028 665 2085 fides
678 2008 780 2085 tellure
793 2026 844 2083 sub
858 2027 914 2083 imd
928 2027 980 2097 est,

225 2132 347 2203 Invitus,
367 2129 475 2209 regina,
496 2140 547 2188 tuo
560 2132 596 2187 de
609 2130 693 2187 litore
705 2128 780 2187 cesfi.

224 2236 280 2292 Sed
292 2252 339 2291 me
347 2233 421 2309 julia
434 2233 531 2300 deum,
551 2248 616 2305 quae
628 2250 706 2289 nunc
719 2230 769 2287 has
781 2229 823 2287 ire
835 2248 886 2306 per
898 2232 1021 2298 umbras,

224 2338 277 2393 Per
289 2336 352 2392 loon
362 2334 440 2402 senta
451 2334 515 2400 srtu,
528 2341 646 2408 cogunt,
660 2331 829 2407 nodemque
840 2333 1021 2408 profundam,

224 2436 355 2513 Imperiis
366 2452 451 2511 egere
464 2433 534 2503 suis,
557 2450 611 2490 neo
623 2434 736 2491 credere
750 2434 829 2509 quivi

224 2540 314 2597 Hune
326 2546 442 2595 tantum
456 2534 510 2593 tibi
522 2552 569 2591 me
582 2530 702 2593 discessu
714 2536 788 2594 serre
801 2536 936 2596 dolorem.

224 2642 294 2700 Sisie
306 2642 436 2718 gradum,
455 2648 541 2713 teque
554 2637 688 2713 adspectu
701 2656 737 2696 ne
751 2638 885 2696 subtrahe
899 2640 1000 2699 nostro.

184 2732 189 2743 ¹
225 2746 325 2803 Quem
345 2743 440 2820 fugis?
460 2752 622 2800 extremum
643 2740 713 2811 fato,
733 2742 810 2818 quod
828 2752 856 2799 te
875 2742 1021 2820 adloquor,

301 2848 356 2906 boc
369 2847 418 2907 est.

223 2952 342 3010 Talibus
354 2950 474 3018 AEneas,
494 2949 642 3007 ardentem
655 2956 685 3005 et
698 2941 930 3019 torva'tuentem,

224 3056 348 3132 lenibat
360 3052 444 3112 diffie
456 3052 594 3120 animum,
613 3051 801 3127 lacrimasque
813 3052 921 3110 ciebat:

223 3159 287 3228 Illa,
307 3158 366 3215 solo
378 3158 459 3228 fixos,
479 3156 575 3215 oculos
588 3154 682 3213 aversa
696 3156 825 3226 tenebat,

225 3262 291 3321 Nec
303 3264 395 3340 magis
406 3261 522 3339 inoepto
533 3254 644 3319 voltum
658 3252 786 3318 sermone
799 3268 930 3317 moretur

1187 2580 1188 2671 l

1184 2676 1188 2755 l
