2509 3875
189 366 217 434 r.
230 355 299 405 ⁵12.
473 345 579 406 tel-B.
617 342 702 406 vm.
723 340 727 348 ’
938 346 991 404 ror

190 501 229 560 Et
242 503 341 579 generi
353 504 414 562 fata
426 503 588 582 indulgent,
607 523 694 580 quem
708 501 828 560 numina
841 501 973 579 poscunt,

190 606 355 680 Ingredere,
380 608 572 686 onTeucrlrm,
598 616 685 683 atque
706 605 823 673 Italum,
844 602 994 663 sortiffime

270 709 381 766 duitor!

190 810 280 872 Hunc
293 811 347 868 tibi
360 822 506 889 praeterea,
526 811 588 888 spes
599 821 631 870 et
643 809 742 869 solatia
756 807 853 877 notlri,

190 913 319 973 Pallanta
332 911 501 992 adjungam:
523 915 576 972 sub
589 926 619 971 te
632 915 753 972 tolerare
766 910 900 987 magistro

189 1015 341 1084 Militiam,
361 1028 390 1073 et
404 1035 490 1092 grave
501 1017 605 1074 Martis
618 1035 698 1094 opus,
719 1025 768 1072 tua
782 1032 897 1073 cernere
909 1012 993 1080 satta,

190 1117 363 1188 Adsuescat3
384 1119 485 1194 primis
496 1129 527 1176 et
539 1128 569 1176 te
580 1118 702 1176 miretur
714 1119 750 1176 ab
764 1115 855 1174 annis.
995 1105 997 1109 ⁷

189 1221 319 1278 Arcadas
331 1220 400 1278 huic
412 1222 524 1297 equites
536 1221 581 1279 bis
594 1229 722 1288 centum,
743 1221 843 1276 robora
856 1217 940 1295 pubis

189 1323 288 1390 Lecta,
308 1323 397 1394 dabo;
418 1323 597 1400 totidemque
609 1325 660 1381 suo
674 1323 726 1380 tibi
741 1320 858 1378 nomine
872 1319 972 1377 Pallan.

231 1424 292 1481 Vix
304 1443 340 1481 ea
350 1425 428 1482 fatue
439 1435 509 1495 erat,
529 1426 676 1502 defixique
689 1443 737 1482 ora
753 1425 890 1484 tenebant
950 1433 953 1440 '

190 1527 302 1585 AEneas
314 1528 501 1585 Anchifiades
513 1538 543 1585 et
556 1528 631 1586 lidus
645 1527 782 1594 Achates,

191 1630 346 1705 Multaque
358 1631 428 1688 dura
441 1630 492 1687 suo
506 1631 577 1688 tristi
590 1649 659 1686 curn
671 1629 755 1686 corde
768 1629 924 1704 putabant5

191 1731 236 1791 Ni
250 1732 362 1808 fignum
375 1732 605 1809 coeloCytherea
618 1729 737 1788 dedillet
750 1740 857 1806 aperto.

193 1835 332 1911 Namque
344 1835 497 1912 inproviso,
516 1836 643 1892 vibratus
657 1836 693 1891 ab
706 1834 821 1904 aethere,
842 1834 938 1910 fulgor

194 1940 274 1995 Cum
286 1938 382 1996 sonitu
396 1939 488 2007 venit,
507 1948 537 1996 et
550 1957 633 1995 ruere
645 1937 742 1995 omnia
756 1937 814 1995 visa
829 1946 956 2012 repente,
974 1976 981 1989 ,

88 2105 93 2112 ,
192 2041 416 2117 Tyrrhenusque
429 2043 508 2099 tubae
520 2040 634 2115 mugire
646 2058 697 2116 per
710 2036 814 2095 ethera
829 2039 955 2114 clangor.

193 2143 371 2220 suspiciunt:
393 2143 508 2212 iterum,
522 2152 609 2217 atque
621 2142 736 2211 iterum,
755 2141 852 2217 fragor
865 2140 995 2219 increpat

178 2284 182 2289 -
266 2246 386 2323 ingens:

191 2350 281 2407 Arma
295 2349 373 2406 inter
385 2350 502 2417 nubem,
522 2347 588 2406 coeli
601 2347 632 2405 in
646 2347 762 2424 regione
776 2347 884 2417 sereni,

192 2454 246 2511 Per
258 2452 360 2510 sudum
372 2452 491 2510 rutilare
504 2452 612 2520 vident,
633 2462 663 2509 et
676 2450 755 2532 pulsa
769 2460 878 2511 tonare.

78 2564 81 2568 J
192 2555 373 2632 Obstupuere
384 2554 489 2613 animis
501 2554 566 2625 alii;
588 2554 637 2611 sed
649 2554 753 2611 Troius
766 2554 850 2612 heros
1026 2588 1029 2593 ·

191 2657 343 2735 Adgnovit
356 2657 491 2724 sonitum,
511 2666 542 2713 et
553 2658 626 2713 divae
639 2656 771 2732 promilla
784 2646 920 2731 parentia]

191 2761 271 2828 Tum
289 2768 444 2817 memorat:
473 2759 522 2816 Ne
535 2778 611 2829 vero,
633 2758 741 2835 hospes,
762 2778 799 2815 ne
817 2776 912 2834 quaere
927 2776 994 2835 pro-

272 2866 358 2934 seito,

193 2970 292 3027 Quem
302 2968 400 3026 casum
408 2967 644 3045 portentaferant
650 2990 658 3036 3
680 2985 735 3043 ego
745 2962 844 3042 poscor
855 2962 993 3041 Olympo.

191 3072 259 3141 Hoc
273 3071 387 3152 lignum
399 3070 505 3127 cecinit
517 3068 664 3126 milsuram
677 3068 742 3126 diva
757 3064 890 3135 creatrix,
1053 3046 1054 3051 ἵ

192 3174 223 3231 Si
236 3174 346 3231 bellum
357 3171 507 3247 ingrueret
511 3196 521 3242 3
543 3168 739 3245 Volcaniaque
757 3186 837 3225 arma
848 3185 900 3245 per
912 3187 995 3227 auras

68 3308 71 3314 .
193 3276 333 3333 Laturam
345 3273 464 3332 auxilio.
