2509 3875
239 314 279 367 38
500 308 774 376 AENEIDOS,
924 312 1038 377 v.75l.

239 462 406 540 Deponunt,
427 463 536 522 animos
549 465 591 521 nil
605 483 718 540 magnae
730 462 822 521 laudis
834 468 958 537 egentes.

238 565 294 641 lpsr
309 565 425 623 transtra
438 576 554 636 novant,
574 566 754 640 flammisque
766 562 880 621 ambesa
891 572 1038 638 reponunt·

240 667 351 726 Robora
365 668 501 746 navigiis;
523 678 624 745 aptant
637 687 795 743 remosque,
815 666 1011 741 rudentiaque3

238 770 345 846 Exigui
359 790 486 839 numero,
506 771 554 828 sed
566 771 643 828 bello
655 771 750 828 vivida
763 769 861 825 virtus.

276 871 388 929 Interea
403 872 511 929 AEneas
523 874 625 929 urbem
639 872 766 947 designat
778 880 879 938 aratro,

237 972 413 1049 sortitusque
424 974 534 1031 domos:
556 974 611 1031 hoc
621 974 718 1042 Ilium,
725 982 755 1030 et
765 973 826 1029 haec
836 972 898 1030 loca
904 969 1031 1048 Trojam,

237 1074 300 1131 Esse
308 1072 401 1150 jubet.
441 1076 555 1133 Gaudet
567 1094 657 1151 regno
669 1073 809 1150 Trojanus
822 1074 955 1145 Acestem

237 1176 399 1252 Indicitque
412 1177 517 1246 sorum,
537 1187 567 1234 et
580 1178 708 1253 patribus
720 1178 770 1233 dat
778 1174 843 1251 jura
856 1177 973 1233 vocatia.

235 1279 322 1349 Tum,
342 1278 436 1337 vicina
449 1280 535 1347 astris,
556 1278 680 1355 Erycino
691 1277 724 1335 in
736 1277 842 1335 vertice
854 1277 932 1334 sedes

236 1380 382 1438 Fundatur
394 1382 501 1439 Veneri
515 1380 612 1438 Idaliae
616 1405 625 1451 3
648 1380 817 1454 tumuloque
829 1378 965 1447 sacerdos,

235 1484 281 1541 Ac
294 1483 375 1541 lucus
387 1483 444 1541 late
458 1483 543 1552 sacer,
563 1483 680 1541 additur
692 1481 846 1540 Anchiseo.

272 1588 394 1663 Jamque
408 1576 468 1644 dies
480 1586 593 1663 epulata
607 1604 711 1643 novem
724 1602 796 1661 gens
812 1582 914 1651 omnis,
934 1592 964 1641 et
976 1582 1032 1641 aris

234 1688 334 1747 Factus
347 1688 449 1746 honos:
472 1688 577 1765 placidi
590 1688 747 1745 straverunt
759 1704 872 1762 aequora
883 1685 974 1754 venti,

234 1791 340 1849 Creber
352 1801 381 1848 et
395 1791 538 1867 adspirans
556 1790 649 1848 rursus
660 1799 744 1847 vocat
756 1789 860 1847 Auster
871 1790 902 1846 iu
916 1788 1015 1847 altum.

233 1892 368 1952 Exoritur
378 1913 516 1972 procurva
528 1894 631 1971 ingens
644 1912 695 1970 per
707 1892 792 1950 litora
805 1891 907 1962 fletus3

233 1997 376 2073 Conplexi
389 1997 464 2055 inter
477 1997 505 2055 se
518 1997 696 2071 nottemque,
715 1995 858 2069 diemque,
871 1983 1027 2051 morantur.

232 2099 303 2174 Ipsae
311 2098 373 2175 jam
387 2111 498 2167 matres,
518 2099 580 2175 ipsi,
600 2098 705 2173 quibus
718 2094 813 2170 aspera
826 2095 974 2169 quondam

232 2201 300 2257 Visa
313 2200 399 2258 maris
411 2201 508 2267 facies,
528 2208 557 2256 et
570 2217 628 2255 non
643 2197 790 2254 tolerabile
802 2214 920 2263 numen,

231 2303 277 2360 Ire
290 2303 399 2370 volunt,
420 2319 593 2376 omnemque
606 2299 685 2375 fugae
697 2299 821 2375 perferre
832 2297 969 2356 laborem.

232 2405 314 2462 Quos
327 2407 417 2462 bonus
428 2405 537 2460 AEneas
551 2403 633 2459 dietis
646 2402 752 2458 solatur
764 2400 871 2468 amicir,

230 2507 268 2564 Et
282 2506 493 2582 consanguineo
505 2505 657 2564 lacrimans
670 2505 841 2562 conmendat
854 2503 973 2561 Acestae.

230 2609 295 2666 Tris
310 2609 395 2684 Eryci
408 2608 520 2676 vitulos,
541 2618 570 2664 et
583 2607 811 2683 Tempestatibus
822 2625 936 2682 agnam,

230 2711 348 2767 Caedere
361 2709 464 2766 deinde
473 2709 570 2786 jubet3
592 2709 721 2785 solvique
733 2729 771 2766 ex
784 2710 883 2766 ordine
896 2710 1007 2769 funem.
1069 2715 1072 2720 ’

230 2812 303 2889 Ipse,
324 2821 410 2888 caput
424 2812 511 2868 tonsae
524 2811 601 2868 foliis
614 2812 742 2869 evindus
755 2811 847 2880 olivae,

230 2915 312 2972 Stans
322 2915 421 2990 procul
432 2915 461 2970 in
473 2915 564 2990 prora,
575 2923 701 2991 pateram
712 2922 800 2982 tenet,
811 2923 934 2990 extaque
944 2913 1027 2972 salsos

230 3016 349 3074 Porricit
362 3016 391 3073 in
406 3017 517 3084 dusius,
537 3035 570 3073 ac
583 3015 651 3073 vina
663 3015 803 3090 liquentia
817 3015 923 3074 fundit.
945 3064 949 3071 t

229 3116 417 3192 Prosequitur,
439 3117 555 3193 surgens
568 3137 583 3174 a
597 3117 698 3193 puppi,
717 3127 819 3175 ventus
831 3118 940 3175 euntis:

230 3218 370 3276 Certatim
383 3218 452 3278 socii
467 3219 575 3286 feriunt
589 3237 676 3290 mare,
696 3231 726 3277 et
739 3239 852 3296 aequora
866 3230 993 3284 verrunt.
1024 3263 1027 3268 .
