2509 3875
103 332 106 425 p
186 295 327 367 r.669.
524 294 576 357 LI
591 294 622 353 B.
662 294 717 353 lv.
988 295 1027 359 27

103 506 104 513 ,
191 452 282 517 Non
300 450 403 519 aliter,
423 468 513 526 quam
526 450 546 507 fi
559 448 679 509 inmiffir
691 454 758 507 ruat
775 444 903 505 hostibus
915 443 1009 503 omnir

103 532 105 559 ⁸
195 553 383 628 Carthago,
398 562 448 609 aut
458 551 576 628 antiqua
584 553 692 628 Tyroe3
708 551 892 624 flammaeque
901 547 1029 605 furenter

197 654 363 731 Culmina
377 672 485 731 perque
497 653 649 711 bominum
660 654 821 722 volvantur,
838 669 947 729 perque
958 650 1027 707 deo·

297 776 379 813 rum.

109 895 113 906 ·
203 859 331 926 Audiit
343 857 497 927 exanimis,
517 857 687 936 trepidoque
698 855 835 917 exterrita
846 855 942 924 cursu,

205 960 383 1038 Unguibus
394 980 444 1017 ora
457 960 534 1019 soror
545 961 667 1028 foedana,
685 969 716 1019 et
727 960 842 1037 potiora
853 958 970 1036 pugnis,

203 1060 271 1121 Per
286 1062 401 1125 medios
414 1063 482 1131 ruit,
502 1082 537 1119 ac
549 1062 721 1121 morientem
734 1061 852 1121 nomine
864 1062 984 1121 clamat:

211 1166 289 1223 Hoc
303 1164 389 1233 illud,
409 1182 555 1241 germana,
575 1164 651 1223 fuit?
675 1166 729 1223 Me
740 1164 841 1224 fraude
852 1167 985 1242 petebas?

212 1268 289 1325 Hoc
304 1284 391 1342 rogus
404 1266 455 1323 iste
467 1266 550 1335 mihi,
562 1266 618 1325 hoc
630 1266 722 1343 ignee,
735 1286 857 1343 araeque,
868 1270 1025 1344 parabant?

216 1368 310 1433 Ouid
321 1368 449 1444 primurn
461 1368 570 1427 deserta
580 1373 699 1443 querar?
717 1368 891 1429 uomitusue
902 1370 1026 1429 sororem

103 1484 104 1487 ’
217 1472 360 1547 Sprevisti
374 1471 516 1531 moriens?
537 1472 647 1531 Eadem
660 1492 708 1531 me
719 1474 756 1531 ad
768 1474 828 1532 fata
841 1475 977 1545 vocassem

219 1574 309 1631 Idem
320 1576 417 1631 ambas
427 1574 502 1631 ferro
510 1574 599 1643 dolor,
611 1583 697 1650 atque
707 1577 808 1634 eadem
818 1576 896 1644 bora,
908 1576 1024 1637 tulillet

220 1678 281 1735 His
294 1677 383 1735 etiam
396 1678 483 1735 stmxi
499 1678 642 1747 manibus,
661 1679 823 1757 patriosque
835 1680 934 1737 vocavi
986 1732 990 1737 .

221 1780 307 1837 Voce
319 1781 396 1849 deos,
416 1780 454 1839 fic
466 1789 496 1837 te
508 1790 542 1837 ut
555 1780 644 1857 positi
656 1781 778 1838 crudelis
790 1780 932 1839 abellem?

103 1856 104 1877 ³
223 1882 381 1942 Exstinxsti
391 1901 446 1950 me,
456 1890 550 1958 teque,
559 1882 648 1940 sororl
660 1883 867 1960 populumque,
874 1892 1024 1961 patresque

103 2051 105 2058 y
224 1985 366 2054 Sidonios,
380 1987 537 2062 urbemque
551 1995 642 2043 tuam.
669 1985 746 2042 Date
757 1984 871 2042 volnera
882 1985 1008 2062 lymphis
1013 2013 1023 2059 3

103 2063 105 2074 Ι
226 2089 368 2149 Abluam:
390 2097 429 2156 et,
449 2099 594 2145 extremus
608 2087 627 2144 fi
642 2086 706 2162 quis
719 2086 802 2163 super
821 2085 928 2145 halitus
940 2099 1024 2159 errat,

227 2191 288 2249 Ore
300 2191 405 2268 legam.
445 2190 490 2248 Sic
502 2189 562 2248 fata
571 2177 677 2266 ¹gradus
690 2189 814 2248 evaserat
827 2190 908 2260 altos,

228 2293 486 2370 semianimemque
499 2293 561 2350 smu
579 2311 745 2368 germanam
758 2295 891 2370 amplexa
909 2296 1025 2355 fovebat

103 2401 104 2410 ’
228 2399 304 2454 Cum
316 2395 436 2472 gemitu,
457 2403 543 2472 atque
555 2403 630 2453 atros
643 2395 764 2453 ficcabat
777 2399 850 2456 veste
862 2419 984 2459 cruores.

230 2500 291 2566 Illa,
311 2499 403 2574 gravis
416 2499 512 2556 oculos
524 2505 626 2556 conata
640 2499 785 2569 adtollere,
804 2503 899 2561 rursus

231 2601 348 2661 Deficit:
370 2601 495 2660 infixum
507 2599 599 2658 stridit
611 2599 663 2657 sub
675 2602 788 2677 pettore
798 2604 909 2662 volnus.

231 2705 286 2762 Ter
298 2702 363 2771 sese,
384 2703 522 2760 adtollens
535 2701 693 2778 cubitoque
704 2704 820 2773 adnixa,
839 2706 960 2778 levavit3

233 2808 287 2866 Ter
298 2806 425 2864 revoluta
438 2803 559 2872 torcell,
579 2804 725 2880 oculisque
738 2805 898 2863 errantibus
911 2807 970 2864 alto

236 2909 366 2966 Quaefivit
379 2907 451 2965 coelo
463 2907 566 2976 lucem,
586 2904 786 2982 ingemuitque
798 2916 950 2981 repertam.

269 3011 344 3068 Tum
356 3011 433 3088 Juuo
448 3007 637 3086 omnipotens,
656 3007 777 3081 longum
794 3005 926 3067 miserata
941 3011 1021 3069 dolo·

344 3132 414 3179 rem,

161 3201 164 3208 ’
239 3214 419 3291 Difficilisque
429 3211 533 3281 obitus,
553 3210 623 3267 Irim
637 3207 750 3265 demifit
763 3209 898 3289 Olympo,
