2509 3875
242 331 285 398 -74
513 329 789 397 AENEIDOS‚
938 337 1044 396 sesa.

158 477 161 481 ’
247 481 331 538 Vana
341 488 437 539 tenere
449 483 555 553 ferunt,
568 485 704 562 foliisque
713 487 765 545 sub
775 485 908 544 omnibus
919 486 1040 544 haerent:

166 667 169 673 Ι
249 583 402 659 Multaque
412 595 549 661 praeterea
561 588 704 646 variarum
718 583 839 646 monstra
853 588 985 654 ferarum,

249 685 388 743 Centauri
399 687 430 744 in
445 687 554 745 foribus
566 690 716 760 stabulant,
723 689 887 766 ¹Scyllaeque
900 690 1044 762 biformes,

249 788 288 846 Et
300 789 550 864 centumgeminus
562 791 702 860 Briareus,
721 811 754 850 ac
765 791 861 848 bellua
874 792 975 848 Lernae

249 890 434 948 Horrendum
445 891 571 961 stridens,
581 894 762 969 flammisque
773 902 880 951 armata
892 893 1046 964 Chimaera,

249 992 406 1067 Gorgones,
426 994 629 1071 Harpyiaeque,
649 1007 679 1052 et
694 996 786 1054 forma
807 995 967 1073 tricorporis
980 1015 1045 1055 uin·

295 1160 299 1164 .
326 1095 394 1151 brae.

250 1195 383 1273 Conripit
395 1197 453 1265 hic,
473 1198 567 1256 subita
579 1198 707 1275 trepidus
721 1199 885 1268 formidine,
905 1200 1013 1262 ferrum

250 1299 373 1369 AEneas3
394 1299 575 1376 strictamque
587 1300 679 1360 aciem
691 1301 874 1360 venientibus
886 1303 992 1360 obfert:

250 1401 297 1470 Et,
318 1400 349 1458 ni
361 1402 443 1460 docta
455 1384 550 1460 eomes
562 1403 658 1460 tenuis
671 1403 729 1460 fine
742 1423 857 1480 corpore
870 1404 943 1462 vitas

249 1505 414 1563 Admoneat
426 1506 545 1573 volitare
558 1506 627 1564 cava
640 1505 692 1564 sub
705 1506 832 1583 imagine
845 1490 955 1576 formae,⁴

251 1607 360 1677 Inruat,
379 1616 409 1664 et
421 1607 521 1665 frustra
535 1608 611 1666 ferro
623 1609 781 1666 diverberet
795 1611 918 1668 umbras.

289 1709 432 1778 Hincvta
440 1710 569 1768 Tartarei
579 1729 644 1787 quae
653 1711 711 1768 fert
719 1711 891 1770 Acherontis
901 1713 937 1769 ad
945 1713 1044 1771 undar.

249 1812 395 1872 Turbidus
406 1813 454 1871 hic
466 1832 558 1884 coeno,
578 1814 710 1890 vastique
723 1815 867 1892 voragine,
888 1835 992 1893 gurges

250 1916 375 1985 AEstuat,
394 1922 480 1993 atque
491 1935 606 1975 ornnem
619 1918 730 1995 Cocyto
743 1917 852 1975 emeat
865 1935 990 1975 arenam.

251 2019 372 2076 Portitor
384 2019 434 2076 has
446 2019 602 2077 horrendus
617 2038 712 2095 aquas,
732 2032 764 2076 et
776 2020 904 2085 flumina,
924 2018 1016 2077 servat

249 2118 384 2179 Terribili
397 2120 525 2195 squalore
538 2121 667 2177 Charon:
690 2120 737 2178 cui
749 2120 871 2198 plurima
884 2130 983 2177 mento

251 2221 379 2278 Canities
392 2221 502 2277 inculta
511 2220 589 2295 jacet
594 2244 602 2291 ς
624 2222 698 2279 stant
709 2221 819 2289 lumina
832 2222 966 2292 flammiu

249 2322 383 2381 Sordidus
396 2340 432 2379 ex
446 2322 570 2379 humeris
583 2323 659 2379 nodo
672 2323 813 2399 dependet
826 2323 953 2381 amictus.
1005 2388 1007 2391 ¹

240 2424 313 2499 ,Ipse
326 2431 417 2479 ratem
429 2432 516 2480 conto
528 2422 644 2499 subigit,
664 2424 791 2500 velisque
804 2425 952 2495 ministrat,

251 2527 289 2582 Et
301 2524 463 2599 ferruginei
477 2524 619 2582 subsedeat
632 2544 748 2602 corpora
759 2528 871 2603 cymbi,

249 2625 433 2705 Jamsenior3
456 2624 504 2683 sed
522 2628 685 2698 cruda‘deo,
706 2628 868 2704 viridisque,
890 2628 1025 2694 senectus,

249 2730 317 2787 Huc
329 2728 423 2785 omnis
437 2729 528 2797 turba,
550 2728 585 2785 ad
599 2728 674 2804 ripas
688 2728 785 2798 effusa,
805 2732 905 2787 ruebat
910 2755 919 2801 3

248 2832 366 2899 Matres,
386 2840 474 2905 atque
486 2829 551 2898 viri,
571 2830 761 2907 defunctaque
779 2849 895 2909 corpora
908 2833 969 2890 vite

248 2933 472 3009 Magnanimum
482 2932 614 3002 heroum3
634 2934 725 3009 pueri,
737 2934 923 3011 innuptaeque
932 2936 1046 3013 puellae,

247 3035 422 3112 lnpofitique
435 3034 511 3110 rogis
518 3033 638 3111 juvenes
651 3045 717 3093 ante
730 3056 777 3094 ora
790 3049 957 3113 parentnmt

248 3138 347 3196 Quam
360 3137 451 3194 multa
464 3136 494 3193 in
508 3136 582 3195 filvis
594 3138 726 3195 autumni
739 3139 845 3215 frigore
858 3140 952 3216 primo

239 3239 336 3304 ,Labsa
349 3240 456 3301 cadunt
475 3239 553 3311 folia,
574 3222 626 3299 aut
640 3240 793 3317 ard-terram
807 3242 923 3319 gurgite
936 3245 972 3303 ab
986 3243 1045 3305 alto
