2509 3875
202 312 329 373 mor:
365 319 370 328 ·
487 303 588 362 ΜΒ.
627 299 710 361 thl.
941 313 992 364 141

203 459 344 518 Faucibus
356 457 504 533 ingentem
516 458 641 527 fumum,
659 455 790 516 mirabile
803 459 895 517 dietat
923 469 926 478 '

204 562 330 632 Evomit,
348 561 527 636 involvitque
539 562 657 618 domum
670 561 793 637 caligine
805 563 888 631 caect,

205 663 632 742 Prospefflmeripieneoculim
650 663 845 740 glomeratque
855 664 907 723 sub
917 675 999 726 antro

206 769 381 827 Fumiferam
394 767 517 836 nooem,
537 766 690 824 conmixtis
702 767 769 842 igne
783 769 913 828 tenebris.

207 872 278 930 Non
291 870 359 928 tulit
370 869 487 927 Alcides
499 869 611 938 animis,
631 869 716 946 seque
728 870 787 946 ipso
799 889 851 946 per
862 871 961 947 ignem

207 973 350 1050 Praecipiti
361 971 462 1049 injecit
474 972 556 1041 saltu,
575 973 632 1047 qui
644 973 783 1049 plurimus
795 975 903 1035 undam

207 1078 315 1135 -Fumus
327 1076 397 1152 agit,
416 1075 577 1151 nebuliquc
589 1075 692 1152 ingens
710 1075 808 1151 specus
820 1077 916 1134 aestuat
930 1077 999 1136 atri.

207 1181 269 1239 Hic
281 1181 391 1238 Cacum
403 1178 434 1235 in
449 1178 581 1248 tenebris,
599 1177 731 1235 incendia
745 1197 816 1244 vana
829 1191 1000 1251 moventem,

210 1282 352 1359 Conripit,
371 1281 403 1338 in
415 1281 524 1338 nodum
540 1280 704 1357 conplexus,
723 1289 754 1338 et
766 1281 848 1360 angit
862 1283 1002 1342 inhaerens

210 1385 302 1444 Elisos
314 1385 420 1456 oeulos,
439 1393 479 1452 et,
499 1385 604 1442 flocum
615 1384 763 1462 sanguine,
783 1395 891 1462 guttur.

209 1488 348 1555 Panditur
360 1487 504 1564 extempio
515 1487 624 1544 foribus
637 1487 737 1544 domus
750 1496 810 1546 atra
822 1490 949 1562 revoifis5

210 1591 421 1666 Abstrattaeque
433 1593 527 1659 boves,
546 1588 737 1666 abjurataeque
750 1591 865 1666 rapinae,

211 1694 296 1752 coelo
307 1670 495 1751 ostenduntur
498 1718 507 1763 5
528 1692 704 1768 pedibusque
716 1693 839 1752 informe
851 1696 969 1756 cadaver

212 1795 398 1856 Protrahitur.
437 1796 596 1870 Nequeunt
608 1795 717 1870 expleri
729 1797 813 1853 corda
827 1799 934 1856 tuendo

211 1899 362 1959 Terribilis
373 1899 478 1969 oculos,
498 1898 619 1966 voltum,
638 1897 792 1974 villosaque
805 1897 878 1956 saetis

212 2004 326 2063 Poetora
337 2003 473 2072 semiferi,
492 2011 578 2078 atque
590 2000 740 2058 exstintior
752 2001 881 2061 faucibus
891 2002 976 2080 ignis.

252 2108 296 2165 Ex
309 2107 360 2164 illo
372 2106 530 2164 celebratus
541 2106 640 2172 honor,
660 2104 775 2181 laetique
788 2104 912 2164 minores

212 2212 363 2269 Servavere
374 2209 470 2279 diem3
489 2207 654 2285 primusque
667 2208 787 2267 Potitius
799 2209 905 2282 auttor,
946 2199 948 2203 ’

213 2314 252 2371 Et
263 2314 365 2371 domus
377 2312 515 2369 Herculei
526 2312 617 2369 custos
630 2312 741 2370 Pinaria
752 2312 822 2370 sacri

213 2418 299 2475 Hanc
311 2435 390 2475 aram
403 2415 469 2472 luco
482 2414 588 2485 statuit,
607 2434 672 2491 quae
685 2416 824 2474 Maxuma
837 2417 947 2495 semper
1011 2475 1014 2483 ,

214 2520 337 2578 Dicetur
348 2518 440 2589 nobis,
460 2526 491 2575 et
503 2516 558 2575 erit
569 2537 634 2593 quae
646 2536 781 2577 maxuma
793 2519 910 2597 semper.

80 2655 96 2669 -
214 2624 314 2680 Quare
326 2622 413 2699 agite,
433 2640 452 2677 o
459 2619 591 2697 juvenes!
612 2629 754 2679 tantarum
768 2623 799 2679 in
811 2642 928 2685 monere
946 2624 1007 2681 lau·

292 2726 364 2780 dum

216 2824 336 2900 Cingite
347 2827 448 2884 fronde
460 2845 564 2897 eomas,
583 2836 614 2883 et
625 2826 727 2902 pocula
738 2826 852 2903 porgite
864 2826 979 2897 dextris,

216 2929 456 3005 Conmunemque
481 2938 581 2988 vocate
605 2930 702 2998 deum,
731 2938 761 2987 et
783 2930 848 2986 dote
870 2928 936 2986 vina
958 2948 1009 2987 vo·

294 3031 394 3091 lenter.

216 3131 350 3205 Dixerat;
371 3134 515 3194 Herorlei
526 3135 635 3194 bicolor
646 3154 736 3211 quum
747 3132 867 3212 populus
880 3134 981 3195 umbri

216 3234 388 3313 velavitque
399 3257 504 3311 comas,
523 3239 658 3315 foliisque
669 3238 775 3298 innexa
788 3238 936 3316 pependit3
