2509 3875
272 296 331 351 244
531 288 810 363 AENEIDOS,
957 294 1072 347 mee.

276 446 433 505 Ouaerendi
446 446 541 507 nobie:
562 450 746 509 circumstant
757 444 886 523 undique
898 462 1007 502 muron.

274 548 353 607 Imus
366 550 395 607 iu
409 550 551 609 adversos?
572 551 643 628 quid
655 550 757 609 eeffari
777 568 816 608 au
827 547 882 605 tibi
893 547 1014 605 Mavors

273 650 443 711 ventosum
456 652 565 731 lingui,
586 653 763 730 pedibusque
774 650 924 729 fugacibus
935 648 1004 719 istiu,

273 752 391 831 Semper
402 754 471 813 en't?
1164 747 1173 811 l

273 854 372 914 Pulsus
385 860 457 935 ego?
479 865 529 915 aut
542 852 695 933 quisquam
706 855 820 925 merito,
832 853 990 921 foediffime,
1002 852 1071 929 pul·

350 956 413 1015 sum

274 1060 398 1135 Arguet,
417 1058 506 1119 Ilinco
518 1061 663 1119 tumidum
675 1059 726 1137 qui
738 1058 861 1117 erescere
872 1055 1016 1134 Thybrim

275 1159 429 1236 Sanguine,
450 1169 478 1217 et
492 1162 616 1219 Evandri
630 1172 721 1220 totam
733 1180 800 1219 cum
812 1159 896 1236 stirpe
907 1158 1020 1217 videbit

273 1262 453 1323 Procubuiffe
465 1264 593 1333 domurn,
613 1272 700 1339 atque
713 1278 815 1321 exutor
826 1262 952 1320 Arcadas
963 1261 1070 1321 armis?
1165 1237 1171 1374 Ι

274 1364 362 1421 Haud
374 1362 415 1422 itn
428 1382 476 1423 me
488 1366 600 1441 experti
612 1366 702 1423 Bitian
713 1375 744 1424 et
756 1365 899 1423 Pandarus
909 1364 1023 1440 iugens,

274 1464 312 1522 Et
325 1484 395 1541 quos
408 1465 488 1525 mille
500 1467 547 1525 die
559 1468 649 1525 viuor
660 1466 713 1525 sub
725 1468 843 1524 Tartara
855 1465 928 1534 min,

273 1566 403 1627 Inclusus
415 1568 511 1639 muris,
532 1569 685 1644 hostilique
696 1586 800 1645 aggere
813 1568 923 1645 septus.

273 1670 365 1729 Nulla
377 1670 450 1729 salus
463 1670 548 1729 bello.
588 1670 684 1747 Capiti
696 1688 767 1729 cane
779 1670 847 1727 talia
859 1671 976 1727 demens

273 1774 430 1846 Dardanio,
450 1776 590 1850 rebusque
603 1773 669 1833 tuis.
708 1773 829 1831 Ptoinde
841 1772 938 1831 omnia
949 1790 1064 1849 magno
1155 1787 1161 1856 y

273 1876 323 1935 Ne
335 1876 406 1935 ceffa
421 1878 534 1935 turbare
547 1886 637 1944 metu,
656 1883 742 1952 atque
755 1876 891 1932 extollere
903 1874 979 1931 virise

273 1980 376 2039 Gentis
389 1980 432 2038 bis
443 1981 539 2052 videm
562 1988 660 2038 contra
674 1996 801 2054 premere
814 1997 892 2035 arma
905 1976 1013 2036 Latini.

233 2148 237 2157 ,
273 2083 362 2142 Nunc
375 2093 404 2140 et
413 2083 634 2160 Myrmidonum
645 2098 774 2158 proceres
785 2080 907 2157 Phrygia
919 2086 997 2138 arina
1011 2088 1073 2140 tre-

351 2184 483 2252 miscunt,

273 2286 362 2344 Nunc
375 2295 404 2342 et
414 2285 548 2362 Tydides,
569 2293 599 2342 et
612 2283 759 2342 Lariffaeue
771 2283 910 2355 Achillem

274 2387 379 2446 Amnis
391 2397 420 2445 et
434 2388 589 2446 Hadriacas
601 2396 677 2444 retro
689 2387 766 2464 fugit
778 2388 901 2444 Aufidus
913 2389 1012 2446 uudns.

273 2490 339 2558 Vel,
359 2507 424 2547 curn
439 2491 466 2546 se
480 2489 616 2566 pavidum
628 2499 726 2546 eontra
738 2508 801 2546 mea
810 2487 906 2566 jurgia
918 2489 1006 2566 fingit

275 2592 403 2654 Artificis
416 2593 514 2661 scelus,
534 2602 563 2650 et
576 2592 730 2650 formidine
743 2593 850 2650 crimen
865 2595 987 2652 acerbat.

274 2699 443 2773 Numquam
455 2695 581 2754 animam
594 2695 681 2752 talem
693 2695 793 2752 dextrd
807 2695 861 2753 hac
880 2696 989 2773 (abfiste
1002 2717 1072 2757 mo-

352 2801 424 2874 veri)

1165 2592 1174 2767 (Ι

275 2904 415 2963 Amittes:
437 2901 548 2962 habitet
560 2909 666 2970 tecum,
685 2909 716 2958 et
727 2901 762 2958 fit
774 2901 1001 2978 pedoreiuisto.
1168 2778 1175 2993 1

314 3006 1074 3082 Nuncadte‚ettuamagna,pater,consultarevertor.
1170 3032 1172 3041 ·

276 3110 305 3167 Si
318 3111 426 3168 nullam
440 3107 538 3166 nostris
550 3108 626 3166 ultra
639 3106 717 3183 spem
729 3107 810 3184 ponis
822 3107 854 3164 iu
867 3109 964 3180 armisy
989 3181 992 3184 ἢ
1058 3117 1063 3120 ’

276 3209 306 3267 Si
320 3219 379 3269 tarn
390 3211 493 3270 deserti
505 3210 610 3282 sumus,
621 3217 669 3282 et,
688 3208 773 3299 semel
786 3209 902 3286 agmine
914 3212 1002 3282 versu,
