2509 3875
221 301 253 341 v.
266 290 336 342 204.
530 285 633 344 -LIB.
673 285 725 345 v1.
985 289 1020 354 71

222 437 359 496 Discolor
370 441 447 498 uude
459 440 521 500 auri
537 461 590 520 per
601 461 694 500 ramos
706 459 774 500 aura
787 439 904 498 refullit.

223 541 324 600 Quale
336 541 408 598 solet
420 543 496 600 filvis
508 545 632 602 brumali
644 545 750 620 frigore
763 542 872 601 viscum

222 642 338 700 Fronde
348 643 438 701 vir'ere
450 645 534 713 novi,
553 647 631 722 quod
644 665 703 704 non
716 645 764 704 fua
779 644 899 702 seminat
911 645 1003 716 arboe,

222 745 264 804 Et
276 763 376 802 croceo
389 745 451 804 fetu
463 748 562 806 teretis
572 747 750 806 circumdare
764 757 893 804 truncos=

221 846 306 903 Talis
317 854 379 904 erat
391 847 497 924 speeies
508 849 581 916 auri,
600 849 759 906 frondentis
771 847 860 924 opaci

221 949 310 1020 ilice3
331 948 369 1006 fic
380 950 439 1007 leni
451 951 609 1028 crepitabat
621 952 733 1008 bractea
746 959 842 1007 vento.

223 1051 358 1129 Conripit
371 1053 481 1112 AEneas
493 1055 647 1132 extemplo,
668 1053 824 1128 avidusque
837 1051 969 1130 refringit

224 1155 427 1224 Cuntiantem,
447 1165 478 1213 et
489 1159 562 1214 vatis
572 1166 668 1232 portat
680 1156 733 1214 sub
746 1155 818 1212 teila
833 1155 956 1231 Sibyllae.

263 1257 330 1314 Nec
341 1258 437 1315 minus
449 1259 558 1316 interea
570 1257 719 1316 Misenum
733 1257 763 1314 iu
781 1256 866 1314 litore
877 1258 983 1316 Teucri

223 1360 355 1430 Flebant,
374 1371 404 1417 et
416 1360 507 1418 cineri
519 1361 632 1436 ingrato
645 1359 774 1437 suprema
787 1359 926 1416 ferebant.

224 1461 376 1537 Principio,
395 1461 534 1539 pinguem
547 1462 637 1531 taedis,
658 1473 687 1519 et
700 1463 799 1518 robore
813 1460 887 1518 seclo

223 1565 388 1639 Ingentem,
408 1563 533 1621 struxere
544 1583 660 1640 pyram:
682 1563 729 1620 eui
743 1563 891 1621 frondibus
904 1563 971 1621 atris

223 1665 368 1722 Intcxunt
378 1665 477 1734 latera,
495 1675 526 1723 et
540 1665 636 1724 feralis
649 1675 716 1722 ante
727 1665 866 1741 cupressos

224 1767 420 1837 Coutiituunt,
435 1769 628 1843 decorantque
641 1765 724 1844 super
736 1767 914 1842 fulgentibus
926 1767 1021 1826 annis.

224 1871 292 1927 Pars
304 1868 410 1928 calidos
422 1870 530 1941 latices,
549 1879 580 1927 et
592 1870 673 1937 aena,
693 1867 832 1925 undantia
845 1867 979 1938 flammis,

223 1972 405 2048 Expediunt5
417 1992 574 2049 corpusque
582 1973 679 2029 lavant
689 1969 831 2047 frigentis,
839 1980 869 2025 et
877 1980 1021 2047 unguunt.

224 2076 271 2131 iit
285 2074 420 2151 gemitus.
447 2077 525 2133 Tum
538 2076 666 2132 membra
679 2084 741 2130 toro
754 2072 857 2129 defleta
869 2086 1022 2149 reponunt,

224 2176 439 2254 Purpureusque
451 2177 534 2255 super
546 2176 637 2245 vellis,
657 2174 799 2233 velamina
812 2185 889 2243 nota,

224 2278 407 2354 Conjiciunt:
428 2298 493 2355 pars
506 2279 618 2355 ingenti
632 2277 741 2337 subiere
754 2277 868 2346 feretro,

223 2378 316 2437 Triste
327 2380 529 2439 ministeriuml
552 2391 582 2437 et
594 2378 758 2457 subjeetum,
779 2398 858 2438 more
870 2390 1022 2457 parentum

223 2483 335 2550 Averfi,
355 2492 472 2548 tenuere
484 2483 587 2541 facem.
627 2482 768 2558 Congesta
781 2492 945 2541 cremantur

175 2600 180 2607 ‘
222 2586 317 2642 Turea
331 2586 415 2655 dona,
435 2588 530 2663 dapes,
550 2586 614 2643 fuso
625 2594 748 2643 crateres
761 2585 846 2643 oliv0.

224 2687 374 2762 Postquam
385 2688 509 2746 conlabfr
523 2688 641 2757 cineres,
661 2698 691 2743 et
704 2687 820 2745 flamma
834 2686 956 2761 quievit.

224 2786 370 2863 Reliquias
382 2788 459 2857 vino,
478 2799 508 2845 et
521 2788 652 2845 bibulam
665 2788 758 2845 lavere
770 2787 898 2845 favillam
905 2810 914 2856 i

223 2888 347 2965 Oliaque
359 2891 431 2947 ledia
444 2891 514 2947 cado
528 2890 601 2948 texit
613 2891 770 2965 Corynaeus
783 2892 864 2946 a'e'no.

221 2991 303 3047 Idem
317 3000 361 3048 ter
374 2991 463 3049 socios
475 2992 547 3067 puri
559 2991 736 3048 circumtulit
748 2991 834 3059 undi,

223 3095 363 3167 Spargeus
375 3111 438 3150 rore
449 3092 516 3160 levi,
535 3103 566 3149 et
578 3111 657 3149 ramo
670 3092 761 3148 felicis
773 3090 869 3149 olivaet

223 3192 421 3268 turbavitque
434 3193 518 3263 viros,
539 3193 671 3267 dixitque
688 3191 836 3249 noviffima
847 3194 941 3253 verba.
995 3246 999 3252 .
