2509 3875
194 280 223 321 v.
236 269 313 319 410.
499 260 599 317 LIB.
638 260 675 316 V.
969 268 1012 319 45

240 416 341 484 Quid,
363 415 383 472 fi
396 412 461 491 quis
473 416 562 473 cestus
575 416 662 492 ipfius
673 426 704 473 et
716 416 850 474 Herculis
862 416 949 475 arma

99 576 105 599 ‚
198 520 341 588 Vidisset,
362 519 524 595 tristemque
537 520 592 577 hoc
604 519 666 595 ipso
679 520 711 577 in
723 520 807 577 litore
818 524 966 597 pugnarn?

198 622 281 682 Haec
294 642 447 700 germanus
459 625 536 700 Eryx
550 624 696 699 quondam
710 634 775 681 tuus
788 642 867 681 arma
880 626 1006 701 gerebat.

200 727 356 803 Sanguine
366 727 459 785 cernis
471 728 565 785 adhuc
579 726 724 803 fractoque
737 727 843 785 infetia
856 730 981 787 cerebro.

199 832 263 889 His
274 848 415 907 magnum
425 830 549 887 Alciden
560 841 660 888 contra
670 832 759 888 stetit:
775 831 821 888 his
829 850 885 907 ego
894 831 1004 904 suetus;

202 936 290 993 Dum
303 934 406 993 melior
416 935 489 992 vires
507 934 622 1011 sanguis
635 936 731 1004 dabat,
750 936 853 993 aemula
867 954 921 994 uec
935 937 1006 997 dum

201 1037 400 1114 Temporibus
412 1039 536 1113 geminis
547 1040 668 1096 canebat
681 1038 772 1116 sparsa
785 1039 923 1098 senectus.

204 1143 272 1211 Sed,
295 1142 315 1197 s1
328 1142 420 1199 nostra
433 1143 522 1201 Dares
536 1142 597 1200 haec
609 1143 715 1199 Troius
728 1162 806 1200 arma
818 1144 937 1212 recusat,

204 1246 300 1320 quue
313 1244 362 1321 pio
375 1245 454 1303 sedet
465 1246 571 1315 AEnea,
590 1248 693 1323 probat
705 1246 803 1303 auctor
814 1247 943 1317 Acestes,

203 1348 372 1427 AEquemus
384 1367 508 1425 pugnas:
532 1350 632 1426 Erycis
644 1350 698 1407 tibi
712 1361 790 1427 terga
803 1350 919 1408 remitto
924 1375 933 1422 3

204 1453 292 1511 Solve
304 1462 412 1523 metus3
433 1464 463 1510 et
476 1464 508 1511 tu
520 1453 658 1531 Trojauos
670 1472 743 1511 exue
755 1454 854 1512 cestus.

205 1552 282 1615 Haec
295 1556 380 1625 satus,
401 1556 545 1633 duplicem
558 1576 594 1614 ex
607 1557 734 1615 humeris
748 1556 846 1634 rejecit
858 1555 1007 1628 amidum,

205 1661 247 1717 Et
264 1678 384 1735 magnos
403 1662 597 1717 membrorum
613 1669 700 1728 artus,
719 1678 826 1736 magna
845 1660 902 1716 offa
918 1659 1016 1717 lacere

287 1772 397 1837 tosque,

204 1864 307 1935 Exuit,
327 1874 414 1940 atque
426 1864 528 1942 ingens
541 1863 638 1921 medid
650 1863 773 1921 consistit
786 1864 882 1921 arenb.

246 1971 325 2026 Turn
338 1967 414 2025 satus
427 1967 555 2026 Anchisa
569 1968 659 2025 cestus
672 1977 752 2042 pater
764 1966 871 2023 extulit
883 1985 989 2042 aequos,

203 2073 246 2130 Et
258 2071 373 2147 paribus
384 2070 493 2146 palmas
507 2073 656 2129 amborum
668 2069 803 2127 innexuit
815 2069 910 2126 armis.
960 2088 962 2091 ·

205 2173 353 2242 Constitit,
374 2173 404 2230 in
419 2173 525 2249 digitos
542 2173 689 2249 extemplo
701 2173 839 2241 adredus,
859 2182 988 2248 uterque,

204 2276 386 2352 Brachiaque
399 2277 435 2333 ad
449 2275 562 2352 superas
574 2275 721 2332 interritus
734 2276 840 2333 extulit
852 2295 943 2334 auras.

206 2381 365 2438 Abduxere
379 2387 454 2436 retro
466 2379 553 2454 longe
566 2377 660 2454 capita
673 2379 761 2436 ardua
773 2381 810 2437 ab
823 2379 896 2450 ium

205 2459 428 2557 Inmiscentque¹
440 2499 542 2538 manus
559 2481 701 2550 manibus,
720 2500 906 2559 pugnamque
922 2481 1010 2543 laces·¹

287 2584 375 2641 sunt:¹

206 2688 263 2746 Ille
276 2683 384 2762 pedum
396 2685 497 2744 melior
509 2695 601 2756 motu,
624 2684 771 2764 fretusque
780 2687 912 2765 jureum,

207 2784 268 2848 Hic
282 2789 419 2846 membris
431 2776 550 2848 et'mole
563 2790 670 2859 valens,
690 2790 740 2847 sed
753 2793 832 2848 tarda
847 2790 982 2847 trementi

206 2895 313 2952 Genua
326 2894 433 2964 labant,
449 2893 537 2951 vallos
551 2893 645 2970 quatit
658 2913 735 2970 aeger
747 2893 890 2950 anhelitus
903 2901 988 2950 artus.

207 2996 308 3056 Multa
320 2991 375 3054 viri
387 2997 582 3073 nequidquam
596 2998 672 3054 inter
684 2996 714 3053 se
726 2990 841 3053 v'olnera
850 2989 969 3070 jaciant,
1006 3019 1009 3024 ·

207 3099 306 3158 Multa
320 3118 389 3157 cavo
402 3099 485 3157 lateri
497 3099 681 3174 ingeminant
686 3123 695 3168 ;
715 3107 746 3153 et
757 3095 870 3170 penore
880 3097 969 3156 vastos

207 3200 425 3275 vautsonius,
447 3211 578 3276 erratque
591 3199 666 3258 auris
677 3207 706 3255 et
719 3206 846 3272 tempora
860 3199 970 3258 circum
996 3240 1000 3245 ·
