2509 3875
258 317 314 368 132
514 311 792 378 AENEIDOS‚
963 314 1054 378 v.17.

256 463 356 522 Quam
368 464 468 522 Turno
479 464 551 542 regi,
570 475 621 524 aut
633 465 695 544 regi
712 467 845 542 adparere
859 462 973 522 Latino.

293 565 378 622 Talia
389 584 441 642 per
453 565 585 624 Latium:
607 587 671 644 quae
684 567 906 626 Laomedontius
919 565 1001 624 heroa
1056 623 1057 632 ,

214 665 217 672 ’
255 667 366 725 Cuncta
379 667 478 724 videns
491 686 598 745 magno
610 687 744 728 curarum
756 668 877 727 fludiuat
890 668 957 726 aestu
964 691 974 738 3

257 770 357 846 Atque
378 769 506 827 animum
528 788 606 828 nunc
624 771 683 829 huc
703 771 834 840 celerem,
854 787 932 827 nunc
952 766 1056 828 dividit

332 869 411 939 illuc,

256 973 292 1029 In
304 973 450 1049 partisque
462 972 538 1050 rapit
550 973 651 1046 varias,
671 993 778 1050 perque
790 971 887 1030 omnia
899 971 1007 1030 versat:

258 1074 304 1132 Sic
317 1085 351 1131 ut
364 1094 446 1150 aquae
460 1076 615 1134 tremulum
627 1077 714 1134 labris
726 1076 779 1134 ubi
791 1077 890 1134 lumen
903 1075 980 1132 adnis

257 1176 321 1234 Sole
334 1175 533 1253 repetentium,
553 1187 604 1235 aut
616 1178 752 1236 radiantia
764 1177 892 1254 imagine
904 1179 1004 1246 Lunae,

257 1277 366 1335 Omnia
378 1278 530 1354 pervolitat
542 1279 600 1336 late
612 1279 674 1336 loca
680 1303 689 1350 3
707 1278 825 1356 jamque
838 1279 889 1336 sub
902 1297 983 1336 auras

256 1379 396 1456 Erigitur,
417 1378 579 1455 summique
591 1381 661 1438 ferit
672 1381 817 1457 laquearia
831 1380 908 1438 tedii.

295 1481 367 1539 Nox
379 1489 455 1551 erat3
477 1489 507 1537 et
521 1491 606 1540 terras
620 1482 756 1540 animalia
769 1481 838 1540 fella
850 1482 1015 1558 peremnis,

257 1579 393 1641 Alituum
404 1582 605 1658 pecudumque
618 1603 718 1660 genus,
737 1583 819 1660 sopor
831 1584 905 1641 altus
917 1583 1054 1642 habebat:

259 1684 363 1741 Quum
375 1691 456 1760 pater
467 1682 499 1740 in
511 1683 585 1760 ripa,
603 1685 750 1761 gelidique
762 1685 815 1742 sub
828 1685 941 1744 aetheris
953 1699 1017 1755 axe,
1051 1693 1052 1700 ’

257 1785 376 1855 AEnean
397 1785 468 1842 tristi
482 1788 613 1844 turbatus
625 1787 739 1863 podiora
751 1787 837 1857 bello,

261 1886 425 1959 Procubuit,
444 1887 592 1966 seramque
604 1890 684 1949 dedit
696 1907 747 1967 per
758 1891 887 1949 membra
899 1889 1037 1965 quictem.

257 1990 337 2049 Huic
350 1991 419 2050 deus
430 1990 491 2067 ipse
502 1992 559 2050 loci
571 1992 661 2051 fluvio
672 1992 825 2051 Tiberinus
838 2010 952 2051 arnoerto

258 2093 395 2170 Populeae
407 2094 483 2151 inter
499 2093 592 2151 senior
603 2095 633 2151 se
645 2094 781 2151 adtollere
793 2094 902 2151 frondi·

258 2193 360 2265 Visus3
381 2213 449 2252 eum
462 2195 556 2251 tenuis
568 2196 672 2271 glauco
684 2196 796 2253 velabat
809 2195 916 2253 amiitu

258 2294 407 2363 carbasus,
426 2304 456 2351 et
468 2294 556 2353 crinis
567 2294 700 2353 umbrosa
713 2299 829 2373 tegebat
843 2297 951 2355 arundo
954 2322 965 2369 5

258 2395 338 2452 Tum
350 2396 389 2452 fic
402 2394 504 2464 adfari,
522 2406 552 2453 et
564 2416 646 2455 curas
658 2396 703 2455 his
715 2398 829 2457 demere
841 2399 938 2457 dietis:

297 2496 327 2553 Ο
343 2496 402 2555 sate
419 2507 506 2574 gente
519 2499 622 2556 deilml
642 2498 796 2577 Trojanam
812 2519 849 2559 ex
866 2500 995 2559 hostibus
1008 2518 1057 2559 ur·

376 2601 445 2657 bern
928 2652 945 2656 ,a
959 2652 963 2656 .

260 2701 330 2759 out
335 2701 446 2760 revehis
459 2703 549 2773 nobie,
567 2712 729 2780 aetmnaque
742 2705 878 2782 Pergama
891 2706 994 2776 servae,

260 2804 429 2882 Exspeciate
444 2803 504 2863 solo
516 2805 664 2875 Laurenti,
683 2806 813 2881 arvisque
825 2808 946 2881 Latinis,
1156 2878 1160 2889 Ι

260 2908 319 2965 Hic
331 2907 386 2966 tib'i
399 2916 476 2965 certa
489 2908 605 2979 domus;
624 2909 705 2978 certi,
724 2927 762 2967 ne
777 2910 883 2977 abnue.
905 2914 1021 2971 Penates
1026 2937 1036 2984 ς

260 3008 329 3080 Neu
341 3010 411 3069 belli
422 3019 526 3069 terrere
538 3010 635 3069 minis.
673 3010 785 3069 Tumor
797 3012 899 3084 omnis,
920 3022 950 3071 et
960 3015 1011 3073 irae

260 3112 427 3171 concedere
438 3112 537 3171 dedm.

250 3208 383 3290 'Jamque
395 3214 460 3286 tibi,
479 3232 602 3276 nerana
613 3222 698 3292 putes
710 3214 773 3275 haec
791 3216 901 3296 fingere
913 3218 1053 3288 somnum,
1176 3296 1177 3307 ἵ
