2509 3875
276 316 335 369 212
536 306 817 379 AENEIDOS,
967 316 1082 379 v-l91.

278 464 414 533 Arcades,
434 462 506 535 haec,
525 462 632 539 iuquit,
651 482 792 525 memores
810 466 876 523 mea
887 462 965 523 diua
977 464 1087 523 referte

279 566 426 625 Evandro:
448 565 576 625 Qualem
589 566 706 637 meruit,
725 566 854 625 Pallanta
865 566 991 624 remitto.

280 668 421 747 Quisquis
432 668 522 728 honos
532 667 648 740 tumuli,
656 668 799 746 quidquid
808 668 934 727 solamen
941 667 1088 729 humandi

356 772 405 843 est,

279 874 415 951 Largior:
439 873 517 932 haud
530 872 575 931 illi
588 872 704 931 stabunt
715 872 825 931 AEueia
837 891 926 950 parvo

278 977 421 1055 Hospitis.
463 978 501 1035 Et
513 976 586 1037 laevo
599 977 696 1055 preffit
707 978 790 1054 pede,
811 976 880 1035 talia
893 976 979 1045 satus,

280 1079 463 1149 Exanimem,
483 1078 596 1155 rapiens
608 1079 739 1139 inmania
751 1080 877 1156 pondera
889 1079 988 1149 baltei,

280 1180 497 1259 Inprellumque
510 1180 603 1239 nefas:
625 1182 684 1239 und
697 1180 749 1239 sub
761 1181 845 1239 node
852 1180 948 1258 jugali

282 1283 362 1343 Caesa
373 1302 474 1341 manus
483 1281 624 1359 juvenum
638 1283 725 1355 foede,
745 1282 923 1360 thalamique
934 1286 1067 1343 cruentis

282 1387 358 1444 Quae
370 1386 480 1445 Clonus
493 1384 646 1463 Eurytides
658 1386 752 1445 multo
763 1386 914 1445 celaverat
926 1405 1010 1445 auro:

282 1488 351 1547 Quo
365 1508 443 1547 nuno
451 1488 568 1547 Turnus
581 1497 649 1547 ovat
666 1488 765 1565 spolio,
785 1489 949 1567 gaudetque
965 1489 1089 1566 potitus.
1176 1519 1178 1528 ·

320 1592 425 1651 Nescia
438 1610 520 1651 mens
532 1590 685 1649 hominum
698 1590 763 1661 fati,
782 1590 923 1668 sortisque
934 1592 1052 1664 futurae,

222 1694 224 1703 '
281 1698 319 1754 Et
334 1694 443 1755 servare
456 1696 584 1765 modum,
605 1697 690 1754 rebus
702 1694 814 1753 sublata
827 1694 966 1754 secundis.

281 1800 383 1859 Turno
396 1808 508 1877 tempus
520 1798 585 1869 erit,
605 1816 712 1875 magno
723 1816 791 1855 cum
803 1798 946 1875 optaverit
958 1808 1075 1860 emtum
1176 1815 1178 1824 ·

281 1905 428 1964 lutatium
441 1903 568 1962 Pallanta
575 1927 584 1976 ;
607 1912 718 1960 etcum
731 1900 819 1979 spolia
839 1902 900 1972 illa,
918 1901 1067 1980 diemque,

282 2009 395 2068 Oderit.
436 2009 479 2066 At
491 2006 570 2076 socii,
590 2007 685 2065 multo
697 2005 809 2083 gemitu
822 2005 1015 2083 lacrimisque,

281 2112 441 2190 Inpositum
454 2111 535 2168 scuto
549 2095 678 2168 referunt
690 2109 817 2168 Pallanta
830 2111 1004 2187 frequentes.

283 2217 312 2274 Ο
326 2215 416 2284 dolor,
436 2223 523 2289 atque
536 2214 622 2272 decus
635 2221 784 2290 magnum,
804 2214 930 2272 rediture
941 2217 1073 2290 parentii

281 2319 354 2376 Haec
368 2327 396 2382 te
409 2316 501 2392 prima
515 2316 575 2374 dies
588 2317 664 2374 bello
676 2317 765 2387 dedit,
785 2318 848 2376 lraec
860 2319 961 2376 eadem
971 2319 1073 2384 aufert
1078 2346 1089 2394 3

282 2422 360 2478 Cum
373 2430 471 2478 tamen
484 2419 611 2496 ingentis
625 2419 799 2480 Rutulorum
815 2421 924 2497 linquis
936 2426 1066 2482 acervos!

320 2525 386 2582 Nec
395 2522 456 2601 jam
470 2524 547 2582 fama
561 2524 631 2582 mali
645 2525 729 2594 tanti,
749 2525 797 2583 sed
809 2525 914 2582 certior
926 2525 1033 2597 audior,

281 2627 408 2686 Advolat
421 2627 534 2697 AEncae,
555 2629 638 2686 tenui
650 2629 816 2688 discrimine
832 2629 886 2688 leti

158 2773 160 2780 ,
280 2732 345 2792 Effe
358 2732 434 2804 suos,
457 2741 580 2810 tempus,
593 2734 678 2792 versu
690 2734 853 2792 succurrere
861 2733 991 2793 Teucris.

281 2837 415 2896 Proxima
423 2855 543 2913 quaeque
551 2837 636 2894 metit
644 2838 750 2913 gladio,
761 2838 910 2912 latumque
920 2857 971 2913 per
976 2857 1087 2914 agmen

281 2942 396 3000 Ardens
408 2941 533 3000 limitem
547 2940 609 3017 agit
621 2941 697 2998 ferro
702 2966 710 3010 ς
733 2950 772 3011 te,
784 2941 894 3011 Turne,
914 2941 1074 3018 superbum

282 3045 369 3104 Caede
382 3045 466 3113 noval,
486 3063 624 3120 quaerens.
665 3045 765 3115 Pallas,
787 3046 926 3113 Evander,
945 3044 977 3102 io
990 3045 1071 3121 ipfis'
1176 3066 1178 3087 =

280 3147 389 3206 Omnia
402 3148 469 3206 sunt
481 3147 584 3219 ocellis,
606 3148 722 3217 mensae,
741 3167 812 3225 quas
824 3150 934 3208 advena
946 3149 1054 3226 primas

280 3249 365 3308 Tunc
379 3251 464 3323 adiit,
486 3251 651 3327 dextraeque
664 3253 760 3328 date,
789 3252 925 3310 Sulmone
937 3261 1059 3329 creatos,
