2509 3875
195 310 307 409 eree.
501 357 600 425 mn.
640 319 693 416 rx.
937 360 994 429 ¹79

192 506 308 565 Turnus
321 506 353 565 in
368 504 446 568 arma
459 510 542 583 viros,
563 512 649 570 armis
659 511 851 569 circumdatus
864 509 933 587 ipse,
948 494 950 501 ¹

172 681 174 686 Ι
192 607 330 681 Suscitat3
352 620 507 688 aerarasque
520 615 593 671 acies
606 614 639 671 in
651 613 751 691 proelia
764 613 844 688 cogit

191 708 324 784 Quisque
337 709 411 784 suas;
433 714 575 789 variisque
593 724 700 772 acuunt
713 714 874 771 rumoribus
886 714 950 773 iras.

191 810 274 866 Quin
287 810 346 887 ipsa
360 814 486 885 adnuis,
508 814 570 873 visu
582 815 759 875 miserabile!
780 814 812 872 iu
825 815 912 873 hastis
993 856 996 863 -

68 880 69 935 l
190 914 347 990 Praefigunt
359 917 461 993 capita,
483 926 512 975 et
526 920 619 977 multo
632 919 756 977 clamore
770 917 937 993 sequuntur,

189 1016 308 1092 Euryali
322 1027 352 1074 et
364 1018 437 1077 Nisr.

188 1118 331 1175 AEneadae
346 1121 409 1177 duri
423 1140 571 1180 murorum
587 1122 619 1179 iu
632 1132 712 1199 parte
727 1121 833 1179 finistrd

189 1218 355 1295 Opposuere
368 1222 468 1293 aciem,
489 1242 556 1281 nam
569 1224 686 1282 dextera
702 1223 830 1300 cingitur
841 1223 937 1294 amni;

189 1321 378 1397 Ingentisque
392 1333 491 1382 tenent
505 1325 596 1394 foliae,
614 1336 645 1383 et
658 1326 783 1383 turribus
796 1325 861 1383 altis

189 1425 271 1481 Stant
284 1426 385 1483 maesti:
409 1428 490 1486 srmul
504 1448 552 1486 ora
565 1428 661 1486 virum
672 1428 789 1505 praefira
802 1430 966 1500 movebant,

188 1524 268 1585 Nota'
282 1526 368 1585 nimis
380 1529 504 1608 miserisl
527 1520 646 1605 diroque
659 1531 779 1587 fluentia
793 1532 868 1588 tabo.

206 1628 210 1635 ’
227 1628 351 1697 Interea}
370 1631 504 1705 pavidam
516 1631 638 1690 volitans
655 1642 780 1709 pennata
792 1651 843 1707 per
855 1634 965 1702 urbem,

188 1726 304 1787 Nuntia
317 1730 402 1788 Fama
416 1731 483 1804 ruit,
504 1733 660 1809 matrisque
672 1734 814 1791 adlabitur
826 1733 901 1791 auris

187 1830 318 1907 Euryali:
341 1842 371 1890 at
384 1833 492 1892 subitus
504 1834 615 1893 miserae
627 1836 705 1893 calor
716 1835 772 1892 offa
786 1830 916 1910 reliquit:

187 1934 302 1993 Excuffi
315 1935 448 1994 manibus
460 1938 540 2008 radii,
560 1937 746 2016 revolutaque
757 1937 852 2014 pensa.

186 2037 289 2096 Evolat
301 2037 420 2110 infelix;
442 2047 480 2107 et,
501 2039 628 2097 femineo
641 2039 763 2106 ululatu,

186 2139 271 2197 Scilla
284 2159 406 2212 comam,
427 2159 523 2199 muros
537 2160 635 2198 amens
654 2149 740 2216 atque
753 2141 873 2217 agmine
880 2142 965 2200 cursu

69 2233 70 2244 ¹
185 2241 279 2298 Prima
291 2243 379 2318 petit:
402 2261 460 2300 nou
473 2242 523 2300 illa
534 2242 640 2311 virum,
660 2261 718 2300 non
734 2243 782 2300 illa
796 2243 906 2320 pericli,
978 2244 982 2252 ’

183 2344 387 2420 Telorumque,
401 2363 526 2416 memor;
547 2346 653 2402 coelum
665 2345 770 2403 dehinc
782 2345 925 2421 questibus
936 2347 984 2406 in-

199 2492 203 2502 ,
260 2447 334 2523 plet:

183 2549 271 2607 Hunc
284 2567 339 2625 ego
352 2557 390 2618 te,
405 2549 535 2630 Euryale,
546 2549 689 2626 adspicio?
710 2548 789 2622 tune,
800 2551 851 2609 illa
863 2550 983 2612 senedae

182 2652 248 2708 Sera
262 2667 333 2706 meae
346 2651 467 2725 requies,
486 2651 603 2727 potuisti
615 2651 747 2727 linquere
760 2652 859 2724 solam,

183 2750 332 2810 Crudelis?
354 2761 458 2822 necte,
479 2752 531 2809 sub
545 2761 623 2810 tanta
637 2753 763 2829 pericula
777 2754 899 2822 milium,

182 2851 289 2911 Adfari
302 2859 462 2911 extremum
475 2853 584 2911 miserae
598 2855 664 2912 data
677 2855 759 2931 copia
772 2854 875 2912 matri?

182 2954 266 3014 Heu!
287 2955 362 3012 terri
373 2956 482 3031 ignord,
502 2955 621 3014 canibus
634 2958 700 3013 date
713 2957 807 3032 prada
821 2954 930 3012 Latinis

181 3056 377 3131 Alitibusque‚
393 3055 480 3132 jaces!
504 3076 557 3115 nec
570 3067 600 3114 te
613 3068 663 3114 tua
675 3057 776 3114 funera
788 3065 880 3113 mater

109 3193 111 3202 ι
181 3157 324 3227 Produxi,
336 3157 454 3234 preffive
467 3160 571 3228 oculos,
592 3167 643 3216 aut
654 3159 772 3216 vulnera
785 3158 851 3226 lavi,

70 3289 71 3294 ¹
180 3261 267 3322 Veste
279 3270 387 3338 tegens,
408 3260 463 3320 tibi
475 3280 561 3338 quam
574 3261 670 3320 noues
682 3259 793 3333 festina,
813 3240 939 3337 diesque,
