2509 3875
260 324 316 376 rao
522 314 802 385 AErvurnos,
942 318 1055 383 cam.
1163 148 1179 359 i

255 472 432 547 Urguebam,
452 480 482 529 et
496 472 553 529 teli
566 490 648 529 curas
660 470 769 530 solabar
782 466 876 528 anilia.
1059 472 1062 477 ·
1138 549 1142 555 Δ

257 574 327 631 0¹¹⁰
338 573 455 649 sequar?
477 584 527 633 aut
538 594 603 651 quae
612 592 691 632 nunc
702 582 787 642 artus,
801 570 951 645 avolsaque
961 586 1058 627 mem·

334 676 394 745 bra,

260 779 298 835 Et
311 778 400 835 sunus
412 778 547 847 lacerum,
568 778 653 835 tellua
665 776 771 835 habet?
792 776 847 833 hoc
860 772 935 833 milri
946 774 983 830 de
996 781 1036 842 te,
1179 697 1181 828 i

258 880 347 951 Nate,
362 880 463 938 refers?
482 879 539 937 hoc
552 878 615 937 surn
628 878 768 955 remique,
786 876 924 952 marique,
942 875 1056 933 secuta?

259 980 354 1058 Figite
368 1000 424 1049 me,
445 981 534 1056 fiqua
547 982 587 1038 est
599 982 702 1058 pletas3
722 980 755 1037 in
767 998 815 1037 me
827 978 924 1037 omnia
937 976 995 1035 tela
1164 928 1181 1120 1

259 1082 415 1159 Conjicite,
435 1101 452 1139 o
466 1082 582 1140 Rutuli!
603 1102 651 1139 me
662 1081 786 1159 primam
798 1078 938 1139 absumite
947 1080 1040 1139 serto:

260 1187 325 1243 Aut
338 1192 380 1252 tu,
401 1202 505 1261 magne
517 1192 597 1260 pater
609 1184 716 1253 divom,
735 1182 867 1241 miserere
872 1207 881 1253 ς
904 1190 1011 1257 tuoque

260 1286 390 1343 Invisum
403 1285 458 1342 hoc
472 1286 590 1344 detrude
603 1293 690 1363 caput
701 1285 754 1343 sub
764 1285 883 1343 Tartara
891 1282 970 1340 telo:

260 1388 386 1453 Quando
399 1386 482 1445 aliter
493 1404 605 1461 nequeo
617 1387 763 1446 crudelem
776 1388 944 1462 abrumpere
955 1384 1060 1445 vitam.

260 1490 326 1547 Hoc
339 1489 411 1547 fletu
422 1488 544 1547 concuffi
557 1488 657 1559 animi,
677 1490 845 1565 maestusque
857 1507 909 1565 per
920 1487 1016 1545 omnis

260 1591 288 1647 It
302 1590 426 1667 gemitus
431 1618 440 1665 ;
462 1600 576 1667 torpent
593 1591 723 1649 infraue
734 1592 771 1648 ad
783 1590 883 1667 proelia
895 1589 980 1649 vires.

260 1692 354 1763 lllam,
375 1692 577 1752 incendentem
589 1694 691 1762 luetur,
711 1693 804 1751 Idaeuu
815 1701 846 1749 et
858 1691 958 1760 Actor,
1044 1688 1049 1699 ’
1069 1699 1074 1706 ’

261 1793 365 1853 Ilionei
378 1795 491 1853 monitu
504 1805 534 1853 et
546 1796 670 1855 multum
685 1795 861 1853 lacrimantis
874 1794 941 1865 Iuli,

263 1896 445 1975 Conripiuut,
465 1897 597 1976 interque
609 1917 711 1958 manua
724 1898 776 1956 sub
789 1898 862 1956 tetta
876 1905 1031 1974 reponunt.

299 2003 343 2060 At
356 2005 425 2060 tuba
438 2002 594 2060 tenibilem
606 2003 733 2060 sonitum
744 2001 845 2078 procul
857 2019 913 2058 aere
925 2021 1032 2061 canoro

261 2103 421 2180 Increpuit:
444 2103 573 2179 sequitur
584 2104 700 2172 clamor,
719 2103 885 2180 coelumque
897 2104 1033 2181 remugit.
1066 2121 1077 2158 ἰ

261 2206 445 2275 Adcelerant,
466 2205 527 2262 atta
541 2206 648 2282 puriter
660 2206 808 2273 testudine,
821 2205 932 2276 Volsci3

262 2307 300 2364 Et
313 2305 396 2362 fossas
408 2305 517 2382 inplere
531 2321 641 2381 parant,
661 2325 694 2365 ac
704 2307 811 2364 vellere
825 2307 943 2365 vallum.

264 2410 408 2467 Quaerunt
420 2427 483 2484 pars
496 2408 615 2479 aditum,
636 2418 666 2466 et
678 2408 758 2467 scalis
774 2409 943 2468 adscendere
955 2427 1063 2481 muros,

263 2509 332 2574 Qua
345 2525 406 2566 rara
420 2509 459 2568 est
472 2509 554 2579 acies,
573 2511 784 2586 interlucetque
795 2531 910 2582 corona,

263 2611 333 2670 Non
347 2620 407 2668 tam
419 2610 500 2686 spissa
515 2611 593 2670 viris.
624 2613 762 2671 Telorum
775 2612 923 2672 effundere
935 2625 1035 2673 eontra

263 2713 359 2771 Omne
372 2731 462 2789 genus
473 2713 589 2782 Teucri,
609 2733 643 2772 ac
655 2714 733 2772 duris
746 2716 897 2774 detrudere
909 2717 1011 2787 contis,

262 2815 389 2874 Adsueti
398 2815 485 2892 longo
498 2833 592 2873 muros
605 2817 759 2874 defendere
770 2817 857 2876 bello.

262 2919 335 2976 Saxa
348 2935 464 2994 quoque
476 2916 578 2974 infesto
592 2917 745 2976 volvebant
756 2920 891 2995 pondere,
912 2921 933 2978 si
946 2920 1005 2996 qud
1068 2927 1076 2978 ζ

262 3019 374 3078 Poffent
395 3020 500 3080 tetiam
520 3018 612 3078 aciem
634 3037 828 3096 perrumpere:
850 3032 1062 3097 quumtamen

340 3141 433 3180 omnrs

262 3224 346 3283 Ferre
354 3223 435 3301 juvat
448 3226 544 3286 subter
555 3225 643 3286 denra
655 3225 795 3298 testudine
807 3226 895 3285 casua.
