2509 3875
154 336 184 377 v.
201 326 256 379 44.
461 282 496 380 'L
510 322 570 380 1n.
609 322 663 381 vr.
929 316 970 377 65

158 476 256 535 Unde
268 484 358 534 ruunt
371 476 492 535 totidem
504 498 595 547 voces,
615 478 745 555 responsa
758 476 883 555 Sibyllae.

158 580 299 637 Ventum
312 590 373 637 erat
386 583 421 639 ad
433 580 532 651 limen,
552 600 644 657 quum
654 581 746 657 virgo,
761 581 877 638 Poscere
888 579 948 637 sata

159 682 306 757 Tempus,
326 682 381 739 ait:
403 684 482 753 deus,
502 685 581 741 eccel
603 686 682 742 deur.
722 684 781 741 Cui
793 682 861 740 talia
873 682 948 739 fanti

160 784 249 842 Ante
262 784 346 853 sores,
366 784 459 843 subito
472 804 530 843 nou
543 787 646 854 voltus,
667 806 725 843 nou
738 787 825 853 color,
844 802 927 850 unus,

160 886 237 943 Non
251 894 353 941 comtae
366 887 493 945 mansere
506 906 609 959 comae,
631 888 679 945 sed
691 888 789 965 petius
801 885 946 952 anhelum,

160 988 203 1045 Et
217 986 297 1043 rabie
310 986 370 1045 fera
384 988 468 1046 corda
481 972 594 1046 tument
600 1014 608 1061 3
631 988 776 1065 majorque
787 987 887 1054 videri,

160 1090 195 1147 N
196 1108 232 1145 ec
245 1090 367 1147 mortale
379 1090 496 1162 sonans3
518 1091 622 1149 adflata
636 1091 675 1149 est
686 1090 806 1148 numine
818 1090 934 1165 quando

158 1194 229 1269 Jam
243 1186 375 1267 propiore
388 1192 444 1249 dei.
485 1192 578 1251 Cellas
592 1194 622 1250 in
637 1204 702 1251 vota
716 1210 878 1269 precesque,

161 1295 248 1362 Tros,
257 1294 306 1362 ait,
315 1294 428 1353 AEnea?
442 1295 544 1354 cellas?
559 1316 652 1372 neque
660 1296 738 1353 enim
745 1304 811 1352 aute
818 1290 965 1351 dehiscent

161 1397 315 1455 Adtonitae
328 1414 493 1473 magnaura
507 1398 617 1455 domus.
657 1400 695 1455 Et
708 1397 776 1454 talia
789 1396 849 1453 fata

162 1498 325 1557 Conticuit.
365 1500 485 1557 Gelidus
496 1501 615 1559 Teucris
628 1518 679 1577 per
691 1501 761 1556 dura
773 1498 900 1555 cucurrit

163 1601 232 1659 Ossa
245 1611 362 1671 tremor,
377 1602 530 1679 funditque
542 1622 638 1679 preces
651 1622 702 1660 rex
715 1602 825 1677 pedore
839 1603 877 1658 ab
889 1601 961 1657 imo:

204 1703 320 1771 Phoebe,
341 1694 434 1781 grauis
444 1696 537 1781 Trojae
551 1704 661 1781 semper
673 1704 802 1761 miserate
814 1704 932 1770 labores,

162 1806 299 1865 Dardana
313 1808 363 1881 qui
377 1808 484 1865 Paridis
496 1807 602 1865 direxti
616 1808 682 1875 tela,
703 1824 871 1881 manusque,

164 1910 277 1986 Corpus
289 1906 322 1966 iu
335 1907 467 1967 AEacidae
473 1932 482 1980 ;
505 1926 623 1986 magnas
635 1908 771 1966 obeuntia
785 1917 881 1976 terras,

162 2013 224 2070 Tot
235 2011 325 2070 maria
340 2007 455 2082 intravi,
475 2015 548 2070 duce
562 2024 599 2083 te,
619 2011 792 2090 penitusque
806 2012 926 2088 repostas

163 2115 322 2192 Mallylilm
335 2117 438 2192 gentis,
457 2126 651 2194 praetentaque
664 2116 792 2192 Syrtibus
805 2133 884 2186 arva,

162 2219 231 2296 Jam
244 2219 360 2275 tandem
374 2218 464 2276 ltaliae
477 2217 615 2294 fugientis
627 2217 793 2296 prendimus
805 2237 876 2277 oras.

163 2321 230 2378 Hac
242 2319 366 2396 Trojana
379 2329 461 2378 tenus
473 2321 562 2378 fuerit
574 2323 698 2378 Fortuna
711 2320 817 2379 secuta.

162 2423 224 2479 Vos
237 2441 351 2498 quoque
367 2425 535 2500 Pergameae,
550 2419 612 2500 jam
626 2425 669 2481 sas
680 2425 730 2491 est,
747 2425 855 2501 parcite
872 2426 962 2502 genti,

164 2525 270 2599 Dique,
291 2523 417 2600 deaeque,
438 2545 551 2598 omnes3
572 2526 676 2600 quibus
694 2527 804 2584 obstitit
816 2527 913 2597 Ilium,
933 2539 963 2585 et

243 2625 346 2702 ingens
455 2615 457 2620 ’

164 2731 264 2788 Gloria
278 2721 439 2789 Dardaniae.
479 2731 593 2806 Tuque,
613 2751 632 2787 o
644 2731 812 2789 santlillima
825 2732 915 2788 vates!

164 2821 281 2898 Praescla
295 2833 417 2901 venturi,
437 2834 482 2904 du,
504 2851 560 2890 nou
575 2833 704 2890 indebita
716 2831 801 2908 posco

164 2939 263 3013 Regna
277 2937 349 2996 meis
362 2937 437 3006 fatis,
459 2936 543 2994 Latio
556 2936 699 2993 confidere
712 2936 848 2999 Teucros,

164 3039 349 3115 Errantisque
362 3041 437 3109 deos,
459 3039 624 3114 agitataque
637 3037 756 3094 numina
768 3033 871 3110 Trojae.

164 3142 241 3200 Tum
256 3126 383 3212 Plroe'bo,
393 3149 423 3198 et
434 3127 550 3211 Triviae,
570 3137 660 3196 solido
678 3139 714 3194 de
731 3155 870 3194 marmore
889 3145 962 3196 tem-

240 3231 322 3319 plum

201 3360 273 3408 vor..
288 3360 326 3399 rr.
585 3359 602 3393 e
