2509 3875
237 372 264 411 v.
280 361 346 425 199·
534 352 634 410 ΜΒ.
673 348 732 408 v11
981 353 1034 420 107

236 509 303 565 Sive
314 527 409 566 errore
419 507 483 578 viae,
503 508 553 568 seu
565 509 777 584 tempestatibus
789 509 855 579 adi,

237 611 346 668 Qualia
358 611 451 668 multa
461 613 535 669 mati
547 622 643 670 nautae
655 613 804 688 patiuntur
817 613 847 670 in
860 614 927 682 alto,

237 714 381 772 Fluminis
392 714 517 772 intrastis
528 715 612 790 ripas,
632 725 772 794 portuque
785 714 886 772 sedetis
891 739 900 784 3

237 817 287 873 Ne
299 816 393 891 fugite
405 816 571 892 hospitium,
591 836 663 878 nove
674 817 803 894 ignorate
817 817 934 874 Latinos

236 919 353 976 Saturni
363 928 489 994 gentem,
503 920 580 989 haud
591 920 696 990 vinclo,
711 940 764 978 nec
774 919 895 996 legibus,
909 938 1038 996 aequam,

237 1025 346 1100 Sponte
358 1022 409 1079 sud
421 1022 579 1100 veterisque
591 1023 640 1080 dei
652 1023 681 1080 se
693 1043 772 1081 more
785 1032 944 1081 tenentem.

214 1177 217 1183 .
238 1127 339 1199 Atque
349 1124 486 1199 equidem
497 1125 628 1193 memini,
643 1127 720 1184 sama
733 1127 772 1184 est
784 1126 928 1184 obscurior
941 1125 1039 1198 annis,

238 1229 392 1284 Auruncos
402 1226 444 1284 ita
456 1227 532 1285 ferre
543 1226 632 1294 senes,
652 1227 696 1284 his
709 1238 786 1286 ortus
799 1238 831 1284 ut
844 1229 918 1305 agris

239 1330 390 1387 Dardanus
401 1330 490 1390 Idaeas
501 1329 634 1406 Phrygiae
645 1331 800 1406 penetrarit
812 1332 848 1388 ad
861 1331 948 1400 urbis,

238 1432 461 1506 Threiciamque
470 1433 596 1501 Samum,
608 1451 673 1507 quae
683 1451 760 1490 nunc
770 1433 962 1490 Samothracia
975 1433 1031 1490 fer-

317 1547 374 1592 tur.
677 1586 679 1594 .

241 1638 320 1699 Hinc
332 1637 425 1705 ilium,
443 1636 566 1713 Corythi
574 1637 724 1712 Tyrrheni
738 1639 773 1696 ab
786 1637 851 1694 sede
863 1637 1033 1713 profedum,

241 1743 339 1796 Aurea
352 1757 429 1795 nune
442 1738 512 1796 solio
524 1738 660 1796 stellantis
672 1739 750 1815 regia
763 1738 828 1796 c'oeli

241 1841 372 1917 Ademit,
392 1849 423 1897 et
434 1859 587 1898 numerum
598 1840 731 1898 divorum
743 1839 880 1897 altaribus
893 1840 982 1898 addit.

281 1945 416 2001 Dixerat:-
438 1953 468 2001 et
481 1944 557 2000 dida
570 1942 695 2001 Ilioneus
708 1943 745 2000 fic
758 1960 828 1999 voce
840 1941 964 1999 secutus:

244 2048 316 2114 Rex,
336 2064 426 2121 genus
437 2044 589 2121 egiegium
601 2044 701 2112 Fauni,
721 2062 784 2112 nee,
804 2042 938 2101 fludibus
951 2043 1036 2115 edos,

243 2151 315 2206 Atra
328 2148 443 2228 subegit
454 2147 547 2205 hiems
559 2148 654 2206 vestris
667 2146 815 2204 succedere
830 2145 920 2213 terris,

243 2251 309 2307 Nec
322 2250 395 2308 fidus
408 2250 524 2325 negione
536 2249 600 2319 viae,
619 2250 735 2319 litusve,
755 2247 873 2305 fefellit:

244 2351 370 2409 Consilio
379 2351 453 2409 hane
462 2370 570 2420 omnes,
586 2350 746 2426 animisque
757 2351 927 2419 volentibus,
936 2353 1038 2409 urbem

245 2453 426 2524 Adferimur;
447 2453 519 2529 pnlfi
532 2453 637 2529 regnis,
651 2471 715 2527 quae
727 2470 862 2509 maxuma
876 2452 1021 2527 quondam
1035 2504 1038 2511 .

244 2558 382 2613 Extremo
392 2555 511 2613 veniens
524 2554 570 2611 Sol
583 2553 756 2628 adspiciebat
770 2553 906 2628 Olympo

245 2662 294 2717 Ab
305 2662 375 2736 Jove
386 2656 559 2734 principium
573 2655 699 2730 generis5
721 2657 791 2731 Jove
804 2656 937 2713 Dardana
950 2656 1038 2729 pubes

247 2750 364 2819 Gaudet
373 2779 440 2829 avo;
461 2777 512 2815 rex
524 2756 584 2832 ipse
596 2756 674 2832 Jovis
687 2756 722 2811 de
736 2762 822 2831 gente
835 2754 974 2831 supremi,

245 2864 349 2921 Troius
361 2864 479 2932 AEueas,
500 2871 549 2915 tua
561 2878 613 2915 uos
625 2859 662 2915 ad
674 2857 775 2914 limina
789 2857 873 2914 misit.

248 2969 365 3025 Quanta
378 2982 428 3040 per
441 2964 539 3027 Idaeos,
559 2959 638 3016 saevis
651 2958 739 3015 effusa
752 2956 894 3033 Mycenis,

231 3067 410 3142 ‚Tempestas
422 3064 488 3121 ierit
499 3080 626 3137 campos3
649 3060 752 3136 quibus
765 3060 842 3145 attus
855 3069 983 3136 uterque,

133 3211 136 3216 <
249 3170 369 3243 Europae
382 3175 467 3240 atque
479 3164 564 3230 Afiae,
583 3162 650 3220 fatis
663 3161 836 3219 concurrerit
848 3161 937 3237 orbis,

249 3270 353 3326 Audiit
365 3278 404 3338 et,
424 3266 444 3322 fi
456 3284 542 3342 quem
555 3266 639 3323 tellus
651 3272 778 3323 extrema
792 3264 886 3323 refuso
