2509 3875
257 210 317 271 206
517 208 795 279 AENEIDOS‚
945 214 1057 267 mm

258 366 347 425 Alme
359 364 468 425 Venus.
508 366 611 427 Fidum
624 366 734 425 AEoeas
746 364 862 425 adfatur
876 363 1024 423 Achaten:
1042 372 1046 378 '

255 468 384 544 Suggere
398 468 455 527 tela
468 467 551 539 milri,
572 488 631 527 nou
645 468 739 527 ullum
750 470 869 527 dentem
880 466 981 525 frtulra

255 568 383 629 Torserit
409 570 439 629 in
467 572 598 643 Rutulos,
631 572 768 631 steterunt
792 590 858 647 quae
880 570 912 629 in
937 587 1060 649 corpore

332 672 454 733 Graium

253 774 348 835 Iliacis
361 776 480 854 campis.
519 778 599 838 Tunr
611 796 748 855 magnam
760 775 883 853 conripit
895 774 1018 846 hallam,

253 878 292 936 Et
300 876 381 955 jacit.
420 879 474 936 Illa
486 880 585 938 volans
597 880 684 956 clipei
700 881 907 937 transverberat
919 897 975 935 aera

253 980 386 1051 Maeonis,
407 990 437 1037 et
450 980 565 1039 thoraca
578 982 661 1039 timul
673 1000 740 1039 cum
753 980 867 1057 pedore
878 980 998 1057 rumpit.

255 1082 334 1141 Huic
348 1084 436 1141 frater
449 1083 526 1142 subit
539 1085 674 1155 Alcanor,
694 1085 870 1161 fratremque
882 1094 1016 1142 mentem

253 1186 398 1243 Sustentat
411 1186 524 1243 dextra:
547 1184 663 1261 trajedlo
675 1184 884 1256 mifftlaoerto,

251 1286 383 1345 Protinus
396 1287 473 1345 hasta
486 1288 571 1365 fugit,
592 1287 741 1365 servatque
752 1298 871 1347 cruenta
887 1297 1033 1360 tenorem3

250 1388 433 1465 Dexteraque
454 1408 491 1447 ex.
507 1388 628 1447 humero
647 1391 739 1450 nervis
757 1392 928 1449 moribunda
945 1410 1055 1469 pepen-

330 1490 382 1551 dit.

251 1592 331 1652 Tum
343 1594 491 1664 Numitor,
507 1594 604 1672 jaculo
616 1596 712 1654 fratris
724 1596 761 1654 de
772 1609 890 1672 corpote
901 1605 993 1674 rapto,

252 1696 368 1755 AEnean
382 1697 480 1774 petiit;
502 1698 620 1755 sednon
634 1708 664 1755 et
676 1698 766 1774 sigere
778 1708 877 1755 contra

253 1797 301 1857 Est
313 1798 425 1857 licitum
431 1824 440 1871 3
462 1798 616 1877 magnique
634 1800 729 1857 femur
740 1798 905 1876 perstrinxit
918 1800 1054 1861 Achatae.

291 1902 351 1962 Hic
363 1902 496 1974 Curibus,
516 1902 607 1961 sidens
620 1902 756 1979 primaevo
769 1920 896 1978 corpore,
910 1902 1033 1962 Clausus

143 1979 146 1984 Ι
251 2006 388 2075 Advenit,
408 2017 438 2064 et
451 2005 544 2084 rigida
556 2005 704 2082 Dryopem
717 2004 785 2063 ferit
796 2004 909 2063 eminus
920 2005 998 2063 hasii

251 2110 310 2172 Sub
324 2117 464 2178 mentum,
476 2108 601 2184 graviter
611 2107 713 2185 presldj
733 2107 896 2184 pariterque
905 2108 1053 2184 loquentis
1167 2140 1168 2161 t

249 2211 360 2268 Vocem
373 2210 556 2285 animamque
569 2209 654 2286 rapit,
675 2209 792 2287 trajedlo
803 2219 934 2286 gutture;
956 2211 1053 2270 atille

249 2311 354 2368 Fronte
367 2311 434 2368 ferit
446 2321 559 2380 terram,
573 2321 603 2368 et
615 2312 736 2370 crassum
745 2307 837 2370 vomit
846 2331 896 2370 ore
908 2331 1053 2374 cruorem,
1167 2306 1168 2309 ¹

249 2411 315 2473 Tris
328 2429 442 2486 quoque
454 2411 603 2469 Threicios
616 2413 713 2470 Boreae
726 2414 762 2471 de
775 2424 862 2490 gente
877 2414 1015 2490 supremi,

249 2513 286 2572 Et
301 2513 359 2580 tris,
380 2531 449 2587 quos
463 2513 526 2572 Idas
539 2523 627 2589 pater,
648 2525 678 2571 et
690 2517 782 2590 patria
794 2516 900 2574 Ismara
915 2517 1022 2588 mittit,

248 2617 300 2676 Per
313 2614 403 2673 varios
418 2615 515 2674 sternit
528 2615 616 2673 casus.
657 2617 796 2676 Adcurrit
807 2618 937 2688 Halesus,
1044 2649 1048 2656 ·

247 2720 451 2794 Auruncaeque
464 2736 579 2788 mauus3
602 2718 679 2775 subit
692 2730 722 2776 et
735 2721 884 2796 Neptunia
897 2722 1000 2797 proles,

246 2823 369 2899 Infigtris
382 2819 525 2896 Messapus
537 2819 628 2895 equis.
668 2821 820 2897 Expellere
832 2824 955 2881 tendunt
1000 2812 1002 2815 ⁸

248 2923 337 2982 Nunc
350 2925 392 2993 hi,
412 2941 489 2980 nunc
502 2923 559 2980 illi:
581 2930 708 2980 certatur
719 2922 821 2980 limine
834 2924 864 2980 in
877 2924 939 3001 ipso

245 3026 390 3084 Ausouiae.
431 3025 543 3101 Magno
555 3022 697 3081 discordes
709 3024 814 3082 aethere
828 3027 909 3084 venti

246 3127 347 3202 Proelia
361 3147 415 3186 ceu
426 3127 541 3198 tollunt,
561 3126 664 3192 animis
677 3137 708 3186 et
719 3127 827 3187 viribus
839 3130 942 3206 aequis,

1167 2850 1169 2937 l

1167 2942 1169 3009 t
