2509 3875
156 350 182 393 ν.
197 344 252 407 93.
493 338 547 395 LI
559 339 592 397 B.
631 338 671 397 V.
939 346 977 397 33
1020 395 1024 402 .

153 492 299 549 Succeffit
313 492 443 562 tumulo,
464 503 494 551 et
507 496 620 572 depasta
632 492 734 553 altaria
745 494 841 572 liquit.

152 594 219 653 Hoc
233 596 341 672 magis
353 594 485 673 inceptos
498 598 623 675 genitori
636 598 773 655 instaurat
785 597 915 667 honores,

151 697 303 766 Incertus,
326 698 496 759 Geniumue
508 701 573 769 loci,
594 701 784 759 Famulumne
800 702 934 778 parentis,

152 802 217 859 Effe
228 812 323 879 putet
330 826 339 871 3
362 802 450 860 caedit
462 804 543 861 binas
556 806 592 861 de
606 823 687 861 more
699 804 835 873 bidentis,

151 903 278 979 Totque
291 904 369 974 sues,
392 905 514 963 totidem
527 907 668 983 nigrantis
680 916 760 983 terga
774 904 932 982 juvencos3

151 1000 300 1081 Vinaque
315 1005 458 1065 fundebat
471 1010 586 1085 pateris,
607 1010 793 1083 animamque
805 1012 928 1068 vocabat

153 1108 303 1165 Anchisae
317 1110 429 1185 magni,
449 1110 604 1187 Manisque
617 1111 783 1167 Acheronte
798 1112 932 1170 remiffos.

153 1212 223 1267 Nec
237 1230 301 1268 non
315 1222 347 1268 et
360 1212 439 1280 socii,
460 1232 525 1288 qnae
537 1214 643 1290 cuique
655 1212 696 1269 est
707 1212 799 1290 copia,
819 1213 884 1280 laetiy

154 1313 246 1371 Dona
262 1314 379 1384 ferunt5
401 1326 523 1372 onerant
535 1334 606 1382 aras,
626 1314 810 1391 mafiantque
822 1315 969 1393 juvencos.

155 1415 275 1473 Ordine
289 1418 362 1473 aena
376 1416 473 1473 locant
486 1418 535 1475 alii
540 1444 548 1489 5
571 1418 683 1493 snfique
696 1436 748 1493 per
758 1418 879 1476 herbam

155 1517 329 1594 subjiciunt
342 1518 455 1576 veribus
474 1538 588 1597 prunas,
608 1530 639 1577 et
651 1520 758 1578 viscera
772 1531 891 1579 torrent.

101 1628 102 1639 ³
196 1620 376 1697 Exspebiata
389 1621 449 1678 dies
463 1623 569 1690 aderat,
590 1640 753 1698 nonamque
766 1623 865 1681 sereni

158 1725 309 1779 Auroram
322 1722 510 1781 Phaethontis
523 1725 591 1801 equi
598 1724 661 1801 jam
672 1726 737 1783 luce
749 1725 908 1797 vehebant3
961 1770 964 1775 .

158 1826 310 1901 Famaque
324 1824 473 1895 finitimos,
493 1837 523 1883 et
536 1826 605 1885 clari
619 1846 723 1884 nomen
738 1818 858 1897 Acestae,

157 1928 310 1986 Excierat:
333 1928 400 1987 laeto
413 1930 581 2007 conplerant
596 1929 681 1988 litora
695 1941 781 1997 coetn,

157 2031 259 2088 Visuri
273 2031 434 2103 AEneadas;
457 2052 520 2109 pars
533 2043 563 2090 et
576 2043 684 2090 certare
697 2031 801 2108 parati.

102 2145 103 2148 ’
157 2134 288 2191 Munera
309 2134 451 2210 principio
463 2144 530 2192 ante
543 2135 640 2192 oculos
654 2134 786 2209 circoque
799 2133 930 2198 locantur

101 2301 102 2306 η
158 2239 193 2295 ln
208 2238 324 2295 medio:
348 2238 419 2296 sacri
434 2239 567 2314 tripodes,
588 2238 751 2313 viridesque
764 2257 884 2310 coronae,

159 2341 196 2398 Et
211 2340 327 2416 palmae‚
347 2341 475 2417 pretinm
489 2340 651 2408 vieioribns
673 2358 819 2416 armaque,
839 2351 870 2399 et
881 2342 954 2400 ostro

160 2442 287 2501 Perfusae
299 2443 397 2512 vestes,
417 2442 531 2519 argenti
543 2442 664 2518 aurique
679 2442 801 2522 talenta:

158 2547 196 2604 Et
211 2547 283 2603 tuba
296 2545 447 2602 conmissus
461 2545 558 2602 medio
571 2547 649 2602 canit
661 2565 766 2622 aggere
778 2547 870 2608 ludos.

198 2630 295 2705 Prima
309 2667 390 2724 pares
402 2648 505 2704 ineunt
524 2648 659 2724 gravibus
670 2650 828 2709 certamina
841 2651 927 2708 remis
963 2694 965 2699 -

162 2751 310 2820 Quatnor,
331 2770 367 2807 ex
381 2751 462 2808 omni
475 2750 592 2808 dele&
605 2751 697 2822 claffe,
717 2753 831 2810 carinae.

159 2852 298 2910 Velocem
314 2852 480 2910 Mnestheus
492 2854 558 2928 ,agit
571 2853 628 2910 acri
641 2853 751 2930 remige
765 2854 884 2926 Pristim

160 2956 234 3012 Mox
247 2955 338 3011 Italus
349 2953 526 3026 Mnestheus,
541 2973 632 3031 genus
642 2975 659 3012 a
669 2975 727 3031 qno
738 2956 856 3015 nomine
866 2956 967 3016 Mems

234 3057 295 3125 mis

160 3161 371 3236 lugentemque
385 3158 461 3234 Gyas
472 3159 586 3236 ingenti
599 3160 676 3218 mole
688 3159 877 3231 Chimaeram„

160 3263 245 3321 Urbis
260 3277 343 3335 opus,
363 3259 471 3336 triplici
488 3265 578 3338 pubes
591 3244 679 3338 quarn
692 3261 826 3320 Dardana
839 3265 921 3329 versu

214 3383 290 3428 vor..
307 3381 343 3420 ιι.
548 3385 569 3420 n
