2509 3875
235 367 287 419 ν44
512 353 596 415 AEN
611 358 705 415 EID
719 358 788 425 OS,
940 376 974 415 .v.
987 366 1060 417 384.

252 516 328 573 Quae
341 512 406 571 sinis
421 512 527 572 standi?
548 532 606 589 quo
618 532 666 573 me
680 514 762 571 decet
774 533 864 589 usque
878 513 989 571 teneri?

251 618 364 683 Ducere
378 617 453 675 dona
462 616 542 693 jube.
583 616 690 674 Cundi
703 617 785 675 simui
798 636 847 675 ore
862 617 1025 675 fremebant

252 720 434 791 Dardanidae,
455 720 591 795 reddique
603 721 666 777 viro
680 720 810 797 promissa
820 720 973 796 jubebant.

283 824 350 883 'Hic
363 825 456 902 gravis
469 824 617 882 Entellum
631 823 714 881 dietis
726 823 843 901 castigat
855 825 980 891 Acestes,

250 930 407 987 Proxumus
420 936 454 986 ut
466 927 608 985 viridante
622 936 685 984 toro
697 926 863 985 consederat
874 927 986 986 herbae:

251 1032 374 1099 Entello,
393 1031 513 1088 heroum
528 1031 673 1105 quondam
686 1030 836 1088 fortissime
849 1030 961 1099 frustra,

250 1137 382 1195 Tantane
396 1146 455 1193 tam
467 1133 579 1211 patiens
593 1134 674 1190 nullo
688 1134 844 1201 certamine
858 1134 921 1191 tolli

250 1240 335 1298 Dona
348 1239 436 1296 fines?
458 1238 508 1296 ubi
520 1256 598 1295 nuuc
611 1237 693 1295 nobis
706 1238 775 1296 deus
787 1216 846 1308 iile,
867 1237 1002 1315 magister
1035 1279 1037 1286 ,

248 1342 455 1419 Nequidquam
465 1330 648 1410 memoratus,
659 1341 753 1418 Eryx?
775 1342 824 1399 ubi
837 1342 914 1399 sama
924 1362 976 1419 per
987 1362 1050 1400 om·

328 1466 396 1504 nem

246 1548 432 1619 Trinacriam,
454 1558 484 1607 et
497 1549 585 1625 spolia
598 1548 649 1606 illa
663 1549 720 1607 tuis
733 1550 888 1625 pendentia
903 1550 1003 1608 tectis?

247 1654 302 1710 llle
314 1653 366 1711 sub
379 1653 455 1710 haec:
478 1654 547 1711 Non
561 1653 654 1711 laudis
667 1672 757 1723 amor,
771 1673 829 1712 non
842 1654 944 1731 gloria,
961 1655 1049 1725 ceffit,

170 1746 172 1753 i
249 1756 330 1814 Pulsa
343 1766 438 1827 metu;
461 1756 508 1814 sed
521 1757 600 1815 enim
613 1758 727 1834 gelidus
740 1759 872 1815 tardante
885 1758 997 1817 senecid

249 1860 369 1937 Sanguis
381 1860 477 1929 hebet,
497 1860 663 1939 frigentque
681 1861 776 1919 effetae
789 1862 820 1919 in
834 1880 951 1940 corpore
965 1862 1047 1925 vires.

248 1965 368 2034 simini,
379 1985 443 2041 quae
454 1967 599 2041 quondam
610 1967 713 2035 fuerat,
724 1968 839 2053 quaque
849 1966 986 2041 inprobus
995 1965 1047 2022 iste

247 2069 379 2128 Exsultat
393 2069 493 2136 fidens,
515 2070 535 2126 s1
550 2087 627 2126 nunc
641 2070 716 2126 soret
728 2069 778 2126 illa
791 2070 943 2145 Juventas;

247 2173 335 2231 Haud
358 2173 492 2248 equidem
515 2171 607 2246 pretio
630 2171 775 2239 inductu,
802 2171 979 2248 pulchroque
997 2172 1045 2250 ju·

315 2290 424 2343 vveneo,

245 2377 406 2435 Venissem:
430 2397 484 2435 nec
496 2379 570 2436 dona
583 2397 686 2436 moror.
727 2378 774 2436 Sic
786 2378 890 2437 deinde
903 2379 1025 2448 locutus,

170 2461 172 2466 ¹
246 2483 280 2540 In
294 2481 421 2540 medium
434 2482 565 2557 geminos
577 2481 688 2540 inmani
702 2483 828 2560 pondere
840 2483 930 2540 cestus

246 2583 380 2662 Projecit3
402 2585 506 2660 quibus
519 2605 584 2644 acer
596 2587 675 2661 Eryx
687 2586 719 2643 in
732 2586 832 2663 proelia
845 2585 942 2644 suetus

246 2691 331 2748 Ferre
343 2709 471 2757 manum,
491 2690 620 2766 duroque
633 2689 782 2748 intendere
795 2690 909 2747 brachia
925 2698 1015 2768 tergo.
1033 2737 1038 2744 .

243 2794 425 2870 ¹Obstupuere
438 2792 540 2850 animi:
564 2801 710 2851 tantorum
722 2793 854 2870 ingentia
867 2793 977 2870 septem

243 2899 339 2974 Terga
351 2901 438 2958 boum
452 2897 571 2974 plumbo
584 2895 690 2965 insuto,
702 2887 851 2973 sectoque,
872 2897 1014 2974 rigebant.

244 3005 324 3062 Ante
336 3003 430 3060 omnis
443 3001 535 3078 stupet
546 2999 607 3078 ipse
620 3001 720 3073 Dares,
739 3001 884 3077 longeque
897 2999 1023 3058 recusat:
1093 3058 1095 3067 ,

244 3107 294 3164 Ma
298 3107 506 3183 gnanimusque
518 3105 704 3168 Anchisiades
716 3114 747 3163 ct
758 3106 870 3182 pondus
883 3113 912 3162 et
925 3103 986 3181 ipsa

242 3211 311 3268 Huc
323 3210 393 3268 illuc
406 3209 567 3268 vinclorum
579 3209 709 3268 inmensa
723 3208 869 3266 volumina
881 3207 982 3266 versat

241 3315 319 3372 Turn
332 3313 429 3391 senior,
438 3313 503 3395 talis
516 3314 657 3374 rescrebat
668 3314 782 3392 pectore
795 3331 892 3372 voces:
