2509 3875
262 339 301 390 si
523 324 799 395 AEnnrnos,
949 333 1056 400 v.a97.

260 483 399 551 Auribus,
418 490 448 540 et
460 490 573 541 truncas
585 480 734 540 inhonesto
745 481 860 538 volnere
873 481 957 540 nairis.

260 589 321 644 Vix
333 587 404 644 adeo
417 586 554 661 adgnovit
566 584 751 661 pavitantem,
773 593 803 642 et
815 583 877 642 dira
890 594 1037 661 tegentem

261 689 419 767 Supplicia3
441 698 471 746 et
484 688 559 745 notis
571 687 714 764 conpellat
727 685 842 744 vocibus
855 688 946 746 ultro:

299 792 451 870 Deiphobe
474 790 656 868 armipotens,
684 809 774 866 genus
790 790 855 848 alto
876 809 893 848 a
916 791 1055 867 sanguine

375 895 491 961 Teucri,
1021 883 1025 900 '

262 1000 337 1057 Quis
350 1008 409 1056 tam
422 996 546 1054 crudelis
558 996 668 1073 optavit
681 996 792 1055 sumere
804 1000 918 1074 poenas?

261 1101 319 1159 eui
333 1111 447 1158 tantum
458 1102 494 1157 de
508 1109 537 1156 te
549 1099 650 1157 licuit?
672 1099 749 1156 Mihi
763 1099 840 1158 sama
853 1099 983 1176 supremi

260 1205 355 1263 Noee
367 1203 444 1272 tulit,
464 1201 566 1260 fessum
579 1202 655 1260 vasti
668 1211 697 1260 te
709 1204 787 1260 caede
800 1202 950 1279 Pelasgum

260 1305 440 1365 Procubuisse
452 1305 536 1381 super
547 1305 673 1364 confusae
686 1305 783 1382 stragis
797 1325 939 1364 acervum.

259 1410 345 1467 Tunc
357 1417 473 1484 egomet
485 1409 630 1466 tumulum
644 1408 765 1466 Rhoeteo
778 1409 809 1466 in
824 1409 908 1466 litore
920 1410 1037 1468 inanem

260 1491 412 1582 Constitui,
432 1521 462 1568 et
474 1512 580 1590 magui
592 1511 684 1570 manis
697 1521 740 1569 ter
751 1531 821 1570 voce
835 1512 942 1570 vocavi.

259 1615 378 1674 Nomen
388 1625 418 1672 et
427 1633 505 1672 arma
515 1615 612 1672 locum
622 1615 743 1674 servant.
763 1615 816 1686 Te,
828 1616 927 1687 amice,
941 1615 1058 1692 nequivi

261 1717 443 1794 Conspieere,
463 1727 494 1775 et
497 1718 600 1797 patrii
613 1719 751 1776 decedens
763 1737 869 1795 ponere
881 1719 966 1778 terri.

260 1823 310 1880 Ad
323 1840 387 1896 quae
400 1820 567 1878 Priamides:
585 1821 671 1878 Nihil
685 1821 777 1890 olibi,
791 1821 893 1879 amice!
910 1822 1056 1882 telinum:

261 1923 369 1984 Omnia
383 1923 536 2001 Deiphobo
549 1924 663 1996 solvisti,
684 1933 713 1983 et
725 1925 835 1983 funeris
848 1924 965 1983 umbris.

262 2030 318 2087 Sed
330 2048 378 2087 me
391 2029 451 2087 sata
463 2038 569 2086 menet
581 2028 671 2087 scelus
683 2028 800 2085 exitiale
813 2028 942 2085 Lacaenae

260 2133 317 2189 His
329 2132 449 2189 mersere
462 2131 558 2190 malis:
579 2131 630 2189 illa
644 2132 705 2187 haec
718 2140 904 2187 monumenta
918 2129 1044 2205 reliquit.

260 2234 407 2307 Namque,
426 2242 460 2289 ut
471 2232 631 2308 supremam
645 2233 714 2291 salsa
727 2233 802 2291 inter
814 2234 918 2309 gaudia
931 2233 1045 2290 nonem

261 2336 421 2411 Egerimus‚
436 2334 521 2404 nosti,
535 2345 566 2391 et
578 2335 704 2393 nimium
716 2334 875 2393 meminisse
888 2335 997 2393 necesse
1007 2336 1057 2394 est.

262 2439 366 2496 Ouum
378 2437 472 2495 fatalis
485 2456 575 2512 equus
587 2437 660 2495 saltu
672 2437 754 2513 super
767 2439 853 2496 ardua
865 2438 945 2495 venit

261 2542 408 2615 Pergama,
420 2548 450 2597 et
461 2551 603 2597 armatum
615 2540 742 2615 peditem
756 2540 849 2617 gravis
862 2540 967 2597 adtulit
977 2541 1056 2613 alvo3

261 2644 325 2711 Illa,
345 2642 465 2700 chorum
478 2644 620 2711 simulans,
640 2644 749 2701 evantis
761 2643 841 2719 orgia
852 2643 961 2701 circum

260 2748 395 2805 Ducebat
409 2745 559 2822 Phrygiae:
580 2746 729 2805 flammam
744 2746 837 2805 media
850 2746 909 2823 ipsa
923 2749 1039 2805 tenebat

260 2850 424 2926 Ingentem,
445 2858 475 2907 et
488 2850 599 2933 summi
611 2850 727 2909 Danaos
739 2870 776 2908 ex
788 2869 852 2909 arce
864 2852 993 2919 vocabat,
1077 2928 1079 2932 ,

260 2953 337 3010 Tum
352 2970 408 3022 me,
429 2953 592 3010 confestum
603 2954 687 3022 curis,
708 2953 863 3029 somnoque
878 2963 1037 3029 gravatum,

261 3056 369 3113 Infelix
381 3056 484 3113 habuit
497 3056 648 3125 thalamus,
668 3057 820 3133 preffitque
828 3056 973 3133 jacentem

260 3157 363 3216 Dulcis
375 3167 406 3215 et
417 3158 474 3216 alta
488 3158 577 3235 quies,
596 3159 772 3235 placidaeque
785 3160 927 3217 simillima
940 3159 1037 3218 morti.

261 3260 385 3339 Egregia
397 3261 507 3321 interea
519 3261 645 3341 conjunx
657 3282 735 3323 anna
748 3262 844 3321 omnia
858 3261 939 3321 lehis

1082 566 1085 576 1

1183 795 1184 804 r

1184 1869 1186 1938 l
