2509 3875
519 320 797 389 AENEI-DOS,
950 326 1068 393 uim.

265 478 356 548 Hicc',
377 476 428 545 nit,
448 484 479 537 et
491 477 591 535 nostris
605 476 737 535 inluserit
748 478 857 535 advena
868 475 984 552 regnis?

265 582 334 640 Non
349 599 427 639 arma
446 580 608 655 expedient,
629 580 747 656 totique
759 600 796 637 ex
810 581 881 637 urbe
893 578 1050 655 sequentur
1054 600 1068 649 3

265 682 472 759 Deripientque
486 691 559 741 rates
571 682 621 739 alii
635 683 800 739 navalibus?
821 682 876 748 lte,

265 786 347 847 Ferte
361 784 411 841 citi
425 784 563 850 flammas,
583 784 651 841 date
663 784 736 851 vela,
754 783 885 860 inpellite
898 802 1042 839 remos.-

267 886 348 945 Quid
361 886 478 962 loquor?
500 898 551 943 aut
561 884 613 942 ubi
625 884 705 942 sum?
728 887 804 943 Quae
813 894 942 942 mentem
954 884 1067 943 insania

345 966 497 1047 inurat?-

266 1091 373 1149 Infelix
386 1090 477 1153 nidor
499 1108 577 1148 nune
591 1100 620 1147 te
633 1091 706 1149 faeta
718 1090 799 1167 inpia
812 1094 955 1167 tangunt?

265 1196 345 1253 Tum
358 1194 463 1263 decuit,
483 1214 575 1271 quum
587 1193 696 1271 sceptra
711 1195 901 1263 dubim-En,
917 1195 1018 1255 dextra
1030 1195 1069 1257 fi·

344 1297 463 1374 desque!

268 1402 367 1459 Quem
379 1400 476 1459 secum
488 1399 594 1477 patrios
607 1399 691 1459 aiunt
702 1411 815 1477 portare
828 1402 956 1467 Penatis:

268 1506 366 1564 Quem
380 1503 493 1563 subiisse
510 1502 647 1573 humeris,
665 1505 829 1563 consuetum
848 1514 941 1577 aetate,
965 1524 1069 1582 paren,

347 1607 460 1665 temi-

269 1710 337 1769 Non
351 1710 434 1787 potui
446 1712 595 1787 abreptum
610 1709 746 1769 divellere
757 1729 869 1788 corpus,
889 1722 920 1770 et
932 1712 1018 1771 undis

269 1816 421 1891 Spargere?
443 1832 501 1871 non
515 1812 613 1881 socios,
634 1832 692 1871 non
706 1813 798 1890 ipsum
812 1815 959 1873 absumere
972 1816 1047 1875 ferro

269 1916 436 1987 Ascanium,
444 1916 599 1994 patriisque
609 1916 783 1994 epulandum
790 1937 897 1996 ponere
906 1919 1068 1978 mentiri-r·

267 2021 378 2080 Verum
391 2041 493 2098 anceps
506 2039 611 2098 pugnae
624 2022 719 2078 fuerat
732 2021 1020 2096 fortune—Fuisset,

270 2126 369 2183 Quem
381 2125 473 2183 metui
486 2123 641 2184 moritura?
662 2125 748 2182 Faces
759 2125 791 2182 in
804 2126 892 2184 castra
905 2125 1039 2196 tuliffem,

270 2226 479 2304 Inpleffemque
499 2226 575 2294 forus
596 2226 733 2300 flammis3
754 2237 1067 2307 natumquespntrem,

318 2382 320 2388 .
349 2347 414 2405 que,
879 2396 882 2400 Δ

270 2434 346 2490 Cum
366 2450 470 2510 genere
487 2432 660 2505 exstinxem3
681 2443 789 2492 memet
801 2435 884 2511 super
900 2434 961 2512 ipsa
974 2435 1068 2496 dedis·

348 2535 458 2594 seme-r·

270 2638 326 2709 Sol,
346 2637 399 2714 qui
412 2647 551 2708 terrarum
563 2639 688 2708 flammis
699 2659 785 2717 opera
798 2643 896 2711 omnia
908 2643 1018 2712 lustras,

268 2743 382 2818 Tuque,
396 2742 498 2800 harum
510 2742 650 2819 interpres
663 2763 795 2802 curarum
807 2754 838 2802 et
848 2745 971 2816 conscia,
979 2747 1068 2822 Jnnu,

270 2847 301 2904 N
304 2845 486 2921 oeiurnisque
499 2847 608 2904 Hecate
622 2846 713 2910 triviis
724 2847 834 2905 ululata
847 2867 898 2924 per
910 2848 998 2918 urbis,

271 2950 309 3007 Et
322 2949 401 3007 Dirae
413 2948 547 3016 ultrices‚·
558 2959 588 3006 et
601 2949 643 3006 Di
654 2950 804 3008 morientis
816 2951 919 3019 Eliffae,
1012 2927 1015 2933 ⁸

269 3051 405 3128 Adcipite
415 3052 486 3118 haec,
500 3050 693 3128 meritumque
703 3054 785 3115 malis
797 3055 937 3113 advertite
946 3073 1068 3128 numen,

270 3155 309 3212 Et
321 3155 425 3212 nostras
437 3155 534 3212 audite
547 3173 654 3230 preces.
693 3156 723 3214 si
737 3167 853 3232 tangere
865 3168 964 3235 portus

271 3256 428 3314 Infandum
440 3266 534 3334 caput,
555 3277 588 3322 ac
602 3259 684 3330 terris
696 3260 811 3333 adnare,
824 3261 932 3332 neceffe
944 3261 998 3335 est3
