2509 3875
289 274 351 341 um
550 268 827 345 mnemon,
979 263 1094 335 nem

289 422 354 481 Essc
366 420 448 493 boni;
470 422 606 499 quoniam
619 424 733 501 Superis
745 420 840 483 aversa
852 420 998 482 voluntas.

289 523 389 583 Sanfla
401 524 438 581 ad
451 542 500 583 voa
515 525 621 595 anima,
639 538 727 603 atque
739 524 818 583 istinc
829 522 918 583 inscia
931 522 1039 598 cuipae,

289 626 477 696 Descendunt,
502 646 674 707 magnorum
692 628 771 689 baud
793 646 933 703 nmquam
950 626 1095 713 indignus

405 746 532 787 avorum.

328 830 388 891 Vix
400 850 435 889 ea
447 830 523 889 satus
534 840 605 901 erat,
618 830 728 891 medios
736 833 815 891 volat
827 832 909 890 ccccl
929 849 982 907 per
993 831 1096 901 bostis,

289 932 396 993 venus
408 952 483 1009 equo
495 932 655 1009 spumante,
675 936 766 1003 Sama,
785 933 900 993 adversa
912 933 1019 1010 sagitta
1100 949 1104 954 ·

289 1035 407 1095 Saucius
418 1052 483 1105 ora3
503 1034 619 1112 mitque
630 1034 777 1113 inplorant
788 1035 905 1096 nomine
915 1035 1073 1093 Turnum:

288 1139 398 1205 Turne,
418 1135 450 1193 in
464 1146 492 1195 te
505 1136 635 1215 supreme
647 1137 735 1208 salum
756 1136 889 1195 miserere
901 1145 1032 1195 tuorumt

289 1236 435 1297 Fulminat
448 1238 558 1297 AEneaa
570 1239 665 1309 armis,
684 1238 864 1315 summasque
874 1238 1006 1296 minatur

288 1316 475 1417 Dejeetumm
487 1340 558 1399 arcia
571 1340 689 1410 Italdun
707 1338 878 1416 excidioque
889 1341 1045 1399 daturum:

289 1442 412 1521 Jamque
425 1440 501 1499 facea
514 1442 550 1499 ad
566 1442 640 1500 teda
654 1442 762 1501 volant.
791 1442 827 1499 In
840 1450 869 1499 te
878 1460 928 1501 ora
941 1442 1056 1512 Latini,

290 1544 326 1601 ln
339 1552 368 1601 te
380 1542 487 1611 oculos,
506 1543 647 1602 referunt:
668 1543 773 1622 muffat
784 1562 835 1601 rex
846 1542 906 1620 ipse
920 1543 1059 1616 Latinus,

290 1646 373 1705 Quos
383 1664 501 1723 generos
510 1654 601 1713 vocet,
614 1654 736 1721 autquae
748 1645 806 1703 sese
818 1646 855 1703 ad
865 1645 975 1703 foedera
982 1648 1097 1707 flectat.

290 1752 426 1809 Praeterea
440 1747 548 1824 regina,
568 1746 613 1805 tui
625 1746 765 1818 fidiffima,
785 1747 886 1805 dextrd

290 1850 409 1911 Occidit
420 1849 479 1927 ipsa
493 1848 552 1917 snb,
573 1848 725 1924 lucemque
738 1848 873 1906 exterrita
886 1847 975 1924 fugit.

290 1954 349 2014 soli
362 1973 413 2032 pro
425 1953 515 2030 portia
528 1951 673 2028 Messapus
685 1960 716 2008 et
728 1970 793 2009 acer
805 1951 911 2034 Atinas

290 2058 456 2116 Sustentant
465 2054 569 2113 aciem:
591 2052 702 2110 circum
713 2052 766 2110 boe
777 2052 922 2129 utrimque
933 2053 1100 2134 phalanges

289 2160 373 2216 Stant
384 2155 486 2226 densae,
508 2154 664 2230 stridisque
676 2154 754 2231 seges
767 2154 954 2212 mucronibus
965 2155 1072 2218 horret

289 2260 404 2318 Fenea:
427 2267 459 2315 tu
472 2275 587 2316 currum
600 2257 711 2314 deserto
723 2256 754 2314 in
767 2256 896 2333 gramine
908 2257 1013 2317 versas.

290 2358 456 2434 Obstupuit,
470 2358 545 2416 varid
557 2357 691 2416 confusus
703 2357 831 2434 imagine
843 2377 962 2427 rernm,

278 2440 418 2529 'Turnum
440 2469 470 2516 et
482 2461 585 2518 obtutu
599 2459 687 2518 tacito
700 2459 789 2517 stetit:
811 2461 909 2518 aestuat
922 2461 1032 2538 ingens

290 2566 354 2624 Imo
367 2561 398 2618 in
410 2560 493 2618 corde
506 2561 607 2636 pudor,
628 2560 778 2637 mixtoque
789 2561 899 2620 insania
911 2563 1006 2634 lucin,

290 2669 328 2727 Et
341 2662 433 2725 Furiis
446 2661 570 2738 agitatus
581 2682 670 2732 amor,
690 2672 721 2720 et
733 2663 845 2722 conscia
857 2664 957 2722 virtus.

329 2769 372 2826 Ut
380 2765 506 2844 primum
513 2763 640 2822 discussae
646 2767 799 2834 umbrae,et
806 2764 859 2822 lux
867 2766 979 2824 reddita
985 2774 1101 2843 menti,

291 2868 428 2930 Ardentis
441 2867 589 2928 oculorum
602 2866 679 2923 orbiu
691 2867 728 2924 ad
740 2865 847 2924 moenia
860 2867 939 2924 torfit

290 2972 444 3040 Turbidus,
457 2987 529 3045 eque
542 2967 611 3026 rotis
626 2987 762 3044 magnam
774 2967 896 3045 respexit
908 2971 944 3027 ad
957 2974 1079 3034 urbem.
1108 2999 1112 3005 v

291 3074 381 3132 Ecce!
403 3080 499 3130 antem
513 3069 646 3138 flammis,
665 3069 741 3126 inter
754 3071 881 3128 tabulata
894 3067 1024 3145 volutus,

291 3174 340 3231 Ad
353 3173 459 3232 emlum
472 3172 597 3228 undabat
609 3179 718 3240 vortex,
739 3169 897 3246 turrimque
910 3177 1049 3236 tenebat:

815 3566 983 3662 'CL
