2509 3875
261 304 300 365 ³6
520 304 800 375 AENEIDOS,
950 303 1064 368 v.1·72.1

260 460 339 517 Tum
351 460 419 517 vero
432 460 534 519 exarsit
547 460 649 538 juveni
661 462 744 519 dolor
754 456 983 533 offihuringmr,

259 562 324 619 Nec
337 560 462 618 lacrimis
474 582 590 621 caruere
604 582 700 640 geuae3
718 562 892 639 segnemque
901 559 1063 624 Meuoeten,'

259 662 377 721 Oblitus
390 662 556 741 decorisque
569 664 622 734 sui,
644 665 811 740 sociumque
824 661 930 729 salutis,

259 766 296 823 In
310 766 388 823 mare
401 766 579 845 praecipitem
596 767 688 844 puppi
701 768 835 825 deturbat
847 764 969 823 abalti:

259 866 324 944 lpse
337 870 532 945 gubemaculo
545 870 636 927 restor
647 869 733 938 subit,
752 868 812 946 ipse
825 866 966 943 magister,

261 970 459 1047 Hortatusque
473 971 556 1042 viros,
577 972 749 1048 clavumque
761 971 798 1029 ad
811 970 896 1027 litora
909 977 1033 1043 torquet.

229 1084 231 1089 ’
262 1070 306 1129 At
318 1073 421 1147 gravis,
441 1082 475 1129 ut
488 1072 579 1131 fundo
591 1073 642 1132 vix
656 1073 774 1131 taudem
786 1071 914 1130 redditur
925 1070 986 1127 imo
997 1070 1049 1127 est*

260 1175 327 1251 Jam
340 1174 444 1244 senior,
463 1176 636 1252 madidique
649 1176 742 1233 fluens
754 1174 785 1232 in
798 1174 883 1242 veste,
896 1174 1050 1242 Menoetes,

261 1277 382 1334 Summa
391 1277 594 1355 petit'scopuli,
615 1278 743 1353 src'cique
757 1278 788 1334 iu
800 1294 872 1353 rupe
884 1274 997 1333 resedit.

260 1378 354 1435 Illum'
362 1388 391 1437 et
404 1380 550 1437 labentem
561 1380 678 1448 Teucri,
698 1389 728 1437 et
739 1379 824 1436 risere
837 1385 994 1445 natantem,

261 1480 300 1537 Et
312 1480 505 1539 salsos'rident
517 1492 712 1541 revomentem
725 1482 839 1559 pectore
851 1481 965 1539 fluctus.

301 1583 360 1641 Hic'
373 1584 438 1642 laeta
452 1585 588 1643 extremis
596 1584 663 1661 'spes
680 1585 720 1642 est
732 1584 852 1643 adcensa
864 1584 995 1652 duobus,-

261 1686 389 1763 Sergesto
403 1687 613 1764 Mnestheique,
634 1688 719 1764 Gyan
732 1687 864 1764 superare
881 1694 1052 1745 morantem.

261 1788 403 1865 Sergestus
424 1790 502 1867 capit
525 1799 593 1849 ante
619 1790 726 1859 locum,
754 1790 928 1867 scopuloque
947 1787 1074 1866 p‘ropine

341 1902 428 1970 quat:
901 1971 905 1978 Ι

262 1995 328 2055 Nec
341 1997 403 2054 tota
417 2007 513 2056 tamen
527 1998 577 2056 ille
590 1998 668 2075 prior
680 2003 825 2073 praeeunte
839 1993 949 2065 carium

261 2100 344 2158 Parte
361 2100 450 2176 prior‚'
467 2100 573 2177 partini
586 2099 673 2157 rostro
685 2096 909 2174 premitaemula
923 2093 1026 2154 Pristin.

261 2203 304 2258 At
316 2201 413 2258 medii
427 2200 514 2258 socios
527 2200 661 2258 incedens
675 2217 748 2257 nave
760 2217 812 2274 per
823 2197 901 2274 ipsos

261 2302 402 2359 Hortatur
409 2302 589 2358 Mnestheus:
612 2302 712 2369 Nunc,
725 2319 803 2358 nunc
814 2299 956 2376 insurgite
969 2299 1073 2373 remis„-

261 2403 397 2461 Hectorei
410 2401 489 2474 socii,
509 2402 604 2480 Trojae
617 2423 689 2478 quos
702 2402 776 2461 sorte
789 2402 922 2479 supremi

260 2503 367 2581 Dele'gi
380 2504 519 2577 comites3·
535 2525 613 2562 nunc
626 2505 689 2563 illas
702 2505 825 2581 promite
837 2505 929 2577 vireq-

262 2607 351 2665 Nuuc
364 2605 484 2677 animos,
505 2608 609 2683 quibus
621 2607 653 2665 in
665 2607 788 2666 Gaetulis
801 2608 932 2686 Syrtibus
945 2608 997 2677 ufi,

262 2709 405 2786 ionioque'
415 2709 497 2778 mari,
518 2710 682 2786 Maleaeque
693 2709 862 2786 sequacibus
874 2711 976 2770 uudia

262 2812 336 2871 Non‘
349 2811 415 2890 jam‘
430 2812 523 2890 prima
542 2821 610 2890 pcto
630 2812 808 2882 Mnestheus,
834 2831 930 2889 noque
950 2813 1075 2873 vincere-

339 2925 419 2974 certo
426 2941 435 2987 ;
527 2919 530 2925 ’

263 3019 491 3094 unamquamot
516 3017 564 3076 sed
574 3016 717 3096 superent,
728 3017 907 3094 quibusboc‚
915 3018 1067 3096 Neptune}
1096 3103 1105 3122 ι

337 3120 455 3191 dedisti5
573 3141 576 3148 ’
870 3204 874 3210 Ι

263 3221 413 3281 Extremos
425 3223 533 3301 pudeat
545 3223 672 3284 rediisse:
694 3224 752 3284 hoc
762 3223 880 3296 vincite,
900 3224 986 3295 cives,
