2509 3875
239 342 297 395 wi
488 324 766 405 AENEIDOS,
929 338 1040 401 v.227.

241 489 366 561 Eminet,
387 508 419 549 sc
432 491 503 551 laevi
517 493 609 551 tacitis
622 490 795 567 subremigat
807 486 901 546 undis.

240 594 318 653 Tum
339 594 376 652 fic
398 594 531 672 ignamm
554 596 734 673 adloquitur:
762 592 920 670 vigilasne,
946 592 1037 650 deum

318 714 396 773 gens,

241 800 353 858 AEnea?
374 800 471 877 vigila,
492 810 522 859 et
534 802 604 860 velis
616 800 733 858 inmitte
745 798 880 857 rudentis.

241 900 304 960 Nos
317 902 412 960 sumus
427 903 510 961 Idaeae
522 904 598 961 sacro
611 902 765 960 devenire
777 900 871 978 pinus,

241 1004 330 1062 Nunc
343 1004 440 1081 pelagi
451 1005 482 1063 N
482 1004 607 1082 ymphae,
620 1005 712 1063 cladis
721 1013 781 1061 tun.
803 1003 930 1061 Perfidus
939 1010 973 1059 nt
983 1020 1038 1061 nos

240 1105 402 1182 Praecipites
415 1106 490 1163 ferro
503 1107 625 1164 Rutulus
637 1106 811 1181 flammdque
823 1106 980 1181 premebat,

240 1208 381 1287 Rupimus
394 1209 493 1268 invita·
507 1220 556 1267 tua
567 1209 693 1277 vincula,
714 1221 799 1284 teque
810 1226 970 1285 persequor

240 1310 413 1370 Quaerimus.
434 1312 519 1369 Hanc
529 1311 662 1387 genetrix
670 1311 774 1369 faciem
783 1310 915 1369 miserata
924 1310 1035 1381 refecit,

237 1416 277 1474 Et
289 1414 370 1471 dedit
382 1414 437 1472 effe
449 1414 525 1484 deas,
544 1413 816 1490 aevumque-agitare
828 1412 881 1471 snb
892 1413 987 1471 undis.

239 1516 282 1577 At
295 1534 367 1593 puer
379 1516 519 1575 Ascanius
531 1535 614 1575 muro
626 1516 761 1592 foffisque
772 1525 893 1584 tenetur,

238 1618 309 1677 Tela
321 1618 513 1689 intermedia,
533 1629 619 1695 atque
633 1617 775 1676 horrentis
786 1618 882 1675 Marte
894 1618 1020 1676 Latinos.

236 1722 301 1799 Jam
315 1720 377 1780 loca
385 1720 457 1799 jutia
471 1729 579 1789 tenent,
599 1720 668 1779 forti
681 1718 840 1797 permixtus
852 1719 980 1790 Etrusco,

237 1826 328 1883 Arcas
340 1844 434 1901 eques.
474 1824 586 1883 Medias
599 1822 656 1881 illis
667 1840 811 1899 opponere
825 1830 941 1886 turmas.

236 1927 285 1986 Ne
297 1928 391 1988 castris
399 1926 533 2007 jungant,
553 1937 630 1986 certa
643 1925 683 1985 eii
695 1923 834 1984 sententia
843 1924 953 1985 'l'nmo

236 2031 326 2109 Surge
339 2049 400 2108 age,
421 2041 451 2089 et
463 2029 576 2089 Aurori
588 2028 677 2087 socios
688 2025 822 2086 veniente
833 2027 928 2086 vocari

235 2131 347 2191 Primus
359 2133 391 2190 in
404 2151 480 2191 anns
489 2131 569 2209 jube,
589 2141 619 2188 et
635 2129 760 2206 elipeum
771 2146 855 2206 cepe,
876 2146 963 2204 quen
980 2130 1032 2189 de·

312 2235 355 2291 dit
367 2234 428 2311 ipse

236 2334 380 2393 invidum
393 2335 564 2412 ignipotens,
584 2343 672 2410 atque
682 2352 745 2391 oras
758 2333 861 2391 ambiit
872 2352 951 2392 aino.
1029 2385 1033 2392 .

236 2437 363 2494 Crastina
375 2437 434 2504 lux,
454 2455 518 2494 mea
531 2437 551 2493 sr
565 2455 622 2494 non
636 2434 724 2494 inrita
736 2435 810 2493 diua
823 2435 941 2511 putaris,

236 2541 369 2615 Ingentes
383 2538 497 2596 Rutuiae
510 2537 647 2615 spectabit
658 2537 744 2596 caedis
755 2555 878 2596 acervos.

273 2641 406 2712 Dixerat,
422 2649 457 2714 et
469 2641 579 2709 dextri,
595 2641 751 2707 discedens,
770 2639 877 2716 inpulit
889 2641 987 2710 altam,

233 2745 321 2804 Hand
334 2743 432 2821 ignara
445 2743 533 2812 modi,
553 2743 690 2820 puppim:
712 2741 791 2818 fugit
802 2742 852 2800 iila
864 2762 916 2819 per
927 2745 1028 2814 undas,

233 2848 321 2908 Ocior
333 2859 363 2907 et
369 2848 474 2926 jaculo,
495 2857 524 2904 et
537 2855 637 2906 ventos
649 2855 781 2922 aequante
794 2844 907 2921 sagitti.
1129 2825 1132 2832 Ι

232 2951 304 3010 Inde
316 2951 379 3010 aliae
392 2952 517 3009 celerant
529 2947 635 3007 cursus.
675 2948 779 3024 Stupet
790 2946 895 3006 inscius
906 2949 967 3026 ipse

231 3055 304 3113 Tros
317 3054 501 3114 Anchifiades
508 3077 517 3124 3
540 3051 650 3109 animos
663 3059 760 3108 tamen
772 3051 869 3108 omine
882 3051 966 3109 toliit.

230 3157 307 3214 Tum
321 3158 442 3215 breviter
454 3155 554 3232 supera
567 3153 730 3229 adspodians
740 3171 866 3212 convexa
878 3161 1022 3229 precatur:

231 3257 315 3316 Alma
330 3273 430 3333 parens
443 3259 517 3315 ldaea
531 3257 628 3324 desim,
648 3254 696 3313 cui
709 3253 856 3332 Dindyma
869 3255 956 3326 cordi,
