2509 3875
217 349 249 394 n.
262 338 328 402 724.
513 337 610 394 LIB.
649 337 718 396 VII.
958 341 1013 406 127

222 490 315 546 Curru
321 487 421 567 jungit
432 490 554 549 Halesus
566 511 662 568 equos,
675 493 831 568 Turnoque
845 491 946 549 serocis

222 590 305 648 Mille
317 594 391 668 rapit
399 585 535 670 'populosz
557 603 673 652 vertunt
685 593 781 651 felicia
794 594 905 652 Baccho

155 680 157 687 ¹
221 693 339 752 Maffica
352 695 403 770 qui
416 695 507 752 rastris
512 720 520 765 3
542 705 572 752 et
583 715 655 771 quos
666 698 702 754 de
715 697 835 753 collibus
847 696 912 756 ultis

220 795 350 853 Aurunci
363 797 465 855 misere
476 807 578 873 patres,
599 798 780 873 Sidicinaque
789 797 873 874 juxta

220 897 364 973 AEquora3
385 899 493 975 quique
502 900 586 957 Cales
597 901 734 976 linquunt
739 925 747 970 ;
762 900 910 976 amnisque
919 902 1013 960 vadosi

220 1000 332 1057 Adcola
344 1002 490 1070 Volturni,
509 1002 672 1078 pariterque
685 1003 824 1060 Saticulus
835 1003 922 1080 asper,

221 1101 420 1179 Oscorumque
432 1123 542 1161 manus.
581 1106 699 1162 Teretes
715 1104 781 1162 sunt
793 1106 905 1184 aclydes
917 1106 974 1165 illis

219 1204 306 1275 Tela,
327 1204 377 1262 sed
389 1207 451 1262 haec
464 1206 543 1263 lento
554 1206 668 1264 mosell
680 1217 776 1283 aptare
789 1209 912 1285 flagello.

220 1309 320 1366 Laevas
332 1317 417 1365 caetra
431 1309 504 1384 tegit
509 1333 516 1378 i
538 1307 637 1365 falcati
650 1309 800 1367 conminus
813 1310 902 1368 enses.

259 1411 325 1468 Nec
338 1420 371 1467 tu
383 1410 554 1467 carminibus
566 1409 665 1468 nostris
678 1411 801 1470 indictus
813 1413 913 1496 abibis,

220 1514 340 1580 OEbale,
361 1531 446 1587 quem
459 1512 602 1588 generasse
614 1512 706 1570 Telon
723 1499 874 1587 Sebethide
887 1515 1015 1592 nymphi

220 1613 331 1681 Fertur,
351 1612 510 1670 Teleboum
523 1614 646 1689 Capreas
658 1633 748 1688 quum
760 1595 848 1691 regna
861 1625 979 1690 teneret,

221 1717 289 1792 Jam
300 1714 407 1772 seniorz
428 1715 528 1791 patriis
541 1715 589 1772 sed
601 1735 660 1772 non
673 1726 702 1772 et
714 1716 790 1774 filius
803 1718 877 1776 arvis

223 1819 384 1876 Contentus
395 1818 453 1874 late
461 1816 522 1893 jam
536 1829 599 1875 tum
609 1817 719 1874 ditione
731 1823 879 1894 premebat

215 1919 352 1981 rSarrastis
363 1921 491 1998 populos,
511 1929 541 1977 et
552 1939 617 1994 quae
629 1919 705 1995 rigat
717 1939 829 1995 aequora
842 1921 954 1994 Sarnus,

222 2024 343 2100 Quique
355 2023 444 2080 Rusas
457 2022 650 2099 Batulumque
663 2031 771 2092 tenent,
785 2031 871 2099 atque
884 2044 947 2084 arva
959 2026 1014 2086 Ce-

298 2125 402 2193 lennae,

220 2230 260 2288 Et
272 2247 344 2305 quos
356 2226 493 2285 maliferae
505 2226 668 2303 despeuant
681 2226 786 2285 moenia
799 2228 924 2287 Abellae:

219 2329 383 2389 Teutonico
396 2329 455 2385 ritu
468 2327 544 2385 soliti
557 2338 689 2404 torquere
702 2329 818 2401 cateias,

218 2433 364 2508 Tegmina
378 2430 441 2505 quis
458 2429 594 2505 capitum,
613 2440 710 2507 raptus
723 2433 759 2488 de
775 2432 883 2504 subere,
902 2446 1012 2511 cortex,

215 2536 390 2609 -sErataeque
401 2532 511 2589 micant
523 2532 617 2607 peltae,
637 2532 726 2590 micat
737 2552 826 2591 aereus
839 2536 918 2596 enfis.

261 2638 300 2693 Et
312 2647 342 2693 te
353 2633 491 2693 montosae
501 2633 601 2691 misere
614 2633 645 2712 iq
658 2634 757 2710 proelia
770 2635 801 2692 N
802 2636 877 2705 ersae,

74 2726 90 2736 ’
108 2757 112 2764 ·
221 2736 487 2812 Ufens,·infigncm
504 2735 591 2803 sama,
611 2746 641 2792 et
654 2736 787 2795 felicibus
800 2739 897 2795 armis:

221 2838 348 2899 Horrida
360 2838 501 2914 praecipue
513 2837 562 2894 cui
575 2855 655 2912 gens,
675 2838 847 2914 adsuetaque
859 2839 953 2897 multo

222 2943 339 2999 Venatu
352 2958 512 3009 nemorum,
532 2939 610 2997 duris
622 2940 778 3016 AEquicula
792 2940 891 3017 glebis.

226 3042 341 3101 Armati
354 3052 458 3099 terram
469 3051 613 3110 exercent,
632 3041 796 3117 semperque
809 3043 929 3102 recentis

219 3145 398 3213 ¹(lonveciare
407 3142 489 3220 juvat
501 3145 618 3221 praedas,
638 3154 667 3200 et
680 3143 775 3202 vivere
787 3155 876 3219 rapto.

264 3246 346 3305 Quin
359 3256 390 3305 et
401 3246 549 3305 Marrubil
562 3244 642 3307 venit
655 3244 691 3303 de
704 3253 790 3322 gente
802 3244 937 3320 sacerdos,
969 3312 972 3319 Δ
