<?xml version="1.0" encoding="UTF-8"?>
<!DOCTYPE html PUBLIC "-//W3C//DTD XHTML 1.0 Transitional//EN"
    "http://www.w3.org/TR/xhtml1/DTD/xhtml1-transitional.dtd">
<html xmlns="http://www.w3.org/1999/xhtml" xml:lang="en" lang="en">
 <head>
  <title>
</title>
<meta http-equiv="Content-Type" content="text/html;charset=utf-8" />
  <meta name='ocr-system' content='tesseract 3.04.00' />
  <meta name='ocr-capabilities' content='ocr_page ocr_carea ocr_par ocr_line ocrx_word'/>
</head>
<body>
  <div class='ocr_page' id='page_1' title='image "./pvirgiliimaroni01wakegoog/pvirgiliimaroni01wakegoog_0017.png"; bbox 0 0 2509 3875; ppageno 0'>
   <div class='ocr_carea' id='block_1_1' title="bbox 103 338 959 417">
    <p class='ocr_par' dir='ltr' id='par_1_1' title="bbox 103 338 959 417">
     <span class='ocr_line' id='line_1_1' title="bbox 103 338 959 417; baseline -0.008 -13"><span class='ocrx_word' id='word_1_1' title='bbox 103 348 108 381; x_wconf 65' lang='lat'><strong><em>³</em></strong></span> <span class='ocrx_word' id='word_1_2' title='bbox 160 342 241 403; x_wconf 56' lang='grc' dir='ltr'>ιω.</span> <span class='ocrx_word' id='word_1_3' title='bbox 429 338 561 417; x_wconf 76' lang='lat' dir='ltr'>¹utu.</span> <span class='ocrx_word' id='word_1_4' title='bbox 601 340 654 397; x_wconf 91' lang='lat' dir='ltr'>1v.</span> <span class='ocrx_word' id='word_1_5' title='bbox 939 343 959 397; x_wconf 75' lang='lat' dir='ltr'>e</span> 
     </span>
    </p>
   </div>
   <div class='ocr_carea' id='block_1_2' title="bbox 103 486 957 2998">
    <p class='ocr_par' dir='ltr' id='par_1_2' title="bbox 103 486 957 1581">
     <span class='ocr_line' id='line_1_2' title="bbox 163 486 957 570; baseline 0.009 -27"><span class='ocrx_word' id='word_1_6' title='bbox 163 486 259 563; x_wconf 83' lang='lat' dir='ltr'><strong>Tuque</strong></span> <span class='ocrx_word' id='word_1_7' title='bbox 278 510 412 567; x_wconf 85' lang='lat' dir='ltr'>puerque</span> <span class='ocrx_word' id='word_1_8' title='bbox 435 501 517 551; x_wconf 83' lang='lat' dir='ltr'><strong>tuus:</strong></span> <span class='ocrx_word' id='word_1_9' title='bbox 548 512 696 570; x_wconf 81' lang='lat' dir='ltr'><strong>magnum,</strong></span> <span class='ocrx_word' id='word_1_10' title='bbox 720 500 750 551; x_wconf 83' lang='lat' dir='ltr'>et</span> <span class='ocrx_word' id='word_1_11' title='bbox 772 490 957 566; x_wconf 68' lang='lat' dir='ltr'>memorabile</span> 
     </span>
     <span class='ocr_line' id='line_1_3' title="bbox 235 611 353 661; baseline 0.017 -13"><span class='ocrx_word' id='word_1_12' title='bbox 235 611 353 661; x_wconf 88' lang='lat' dir='ltr'><strong>nomeu,</strong></span> 
     </span>
     <span class='ocr_line' id='line_1_4' title="bbox 161 689 857 755; baseline 0.007 -8"><span class='ocrx_word' id='word_1_13' title='bbox 161 689 222 749; x_wconf 84' lang='lat' dir='ltr'>Una</span> <span class='ocrx_word' id='word_1_14' title='bbox 236 694 303 751; x_wconf 91' lang='lat' dir='ltr'>dolo</span> <span class='ocrx_word' id='word_1_15' title='bbox 316 696 418 753; x_wconf 88' lang='lat' dir='ltr'>divom</span> <span class='ocrx_word' id='word_1_16' title='bbox 431 696 451 753; x_wconf 80' lang='lat' dir='ltr'>su</span> <span class='ocrx_word' id='word_1_17' title='bbox 466 696 573 755; x_wconf 82' lang='lat' dir='ltr'>femina</span> <span class='ocrx_word' id='word_1_18' title='bbox 587 696 661 755; x_wconf 68' lang='lat' dir='ltr'>vitta</span> <span class='ocrx_word' id='word_1_19' title='bbox 674 697 797 754; x_wconf 83' lang='lat' dir='ltr'><strong>duorum</strong></span> <span class='ocrx_word' id='word_1_20' title='bbox 808 694 857 752; x_wconf 85' lang='lat' dir='ltr'>est.</span> 
     </span>
     <span class='ocr_line' id='line_1_5' title="bbox 159 791 902 867; baseline 0.007 -20"><span class='ocrx_word' id='word_1_21' title='bbox 159 791 187 847; x_wconf 91' lang='lat' dir='ltr'>N</span> <span class='ocrx_word' id='word_1_22' title='bbox 188 810 220 849; x_wconf 77' lang='lat' dir='ltr'>ec</span> <span class='ocrx_word' id='word_1_23' title='bbox 232 813 280 851; x_wconf 91' lang='lat' dir='ltr'>me</span> <span class='ocrx_word' id='word_1_24' title='bbox 293 796 368 853; x_wconf 83' lang='lat' dir='ltr'>adeo</span> <span class='ocrx_word' id='word_1_25' title='bbox 381 795 467 867; x_wconf 86' lang='lat' dir='ltr'>fallit,</span> <span class='ocrx_word' id='word_1_26' title='bbox 487 798 605 855; x_wconf 83' lang='lat' dir='ltr'>veritam</span> <span class='ocrx_word' id='word_1_27' title='bbox 620 808 648 854; x_wconf 89' lang='lat' dir='ltr'>te</span> <span class='ocrx_word' id='word_1_28' title='bbox 662 797 781 855; x_wconf 82' lang='lat' dir='ltr'><strong>numina</strong></span> <span class='ocrx_word' id='word_1_29' title='bbox 794 796 886 853; x_wconf 82' lang='lat' dir='ltr'>nostra</span> <span class='ocrx_word' id='word_1_30' title='bbox 892 819 902 867; x_wconf 80' lang='lat'>3</span> 
     </span>
     <span class='ocr_line' id='line_1_6' title="bbox 160 894 839 976; baseline 0.012 -27"><span class='ocrx_word' id='word_1_31' title='bbox 160 894 302 971; x_wconf 71' lang='lat' dir='ltr'>Suspectus</span> <span class='ocrx_word' id='word_1_32' title='bbox 315 898 444 956; x_wconf 83' lang='lat' dir='ltr'>habuiffe</span> <span class='ocrx_word' id='word_1_33' title='bbox 457 900 556 957; x_wconf 83' lang='lat' dir='ltr'>domos</span> <span class='ocrx_word' id='word_1_34' title='bbox 569 900 752 976; x_wconf 78' lang='lat' dir='ltr'>Carthaginis</span> <span class='ocrx_word' id='word_1_35' title='bbox 765 900 839 957; x_wconf 80' lang='lat' dir='ltr'>altae.</span> 
     </span>
     <span class='ocr_line' id='line_1_7' title="bbox 159 996 957 1076; baseline 0.009 -24"><span class='ocrx_word' id='word_1_36' title='bbox 159 996 474 1071; x_wconf 85' lang='lat' dir='ltr'>Sedquiseritmodus?</span> <span class='ocrx_word' id='word_1_37' title='bbox 489 1012 538 1059; x_wconf 86' lang='lat' dir='ltr'>aut</span> <span class='ocrx_word' id='word_1_38' title='bbox 547 1022 604 1076; x_wconf 90' lang='lat' dir='ltr'>quo</span> <span class='ocrx_word' id='word_1_39' title='bbox 612 1021 690 1059; x_wconf 91' lang='lat' dir='ltr'>nunc</span> <span class='ocrx_word' id='word_1_40' title='bbox 698 1002 853 1060; x_wconf 81' lang='lat' dir='ltr'>certamine</span> <span class='ocrx_word' id='word_1_41' title='bbox 862 1002 957 1059; x_wconf 77' lang='lat' dir='ltr'>tanto?</span> 
     </span>
     <span class='ocr_line' id='line_1_8' title="bbox 103 1098 956 1179; baseline 0.006 -25"><span class='ocrx_word' id='word_1_42' title='bbox 103 1160 105 1175; x_wconf 49' lang='lat'>‚</span> <span class='ocrx_word' id='word_1_43' title='bbox 160 1098 238 1155; x_wconf 79' lang='lat' dir='ltr'>Quin</span> <span class='ocrx_word' id='word_1_44' title='bbox 249 1101 345 1176; x_wconf 87' lang='lat' dir='ltr'>potius</span> <span class='ocrx_word' id='word_1_45' title='bbox 352 1120 453 1177; x_wconf 85' lang='lat' dir='ltr'>pacem</span> <span class='ocrx_word' id='word_1_46' title='bbox 461 1112 605 1171; x_wconf 86' lang='lat' dir='ltr'>aeteruam,</span> <span class='ocrx_word' id='word_1_47' title='bbox 613 1105 764 1179; x_wconf 70' lang='lat' dir='ltr'>pactosque</span> <span class='ocrx_word' id='word_1_48' title='bbox 772 1105 956 1178; x_wconf 69' lang='lat' dir='ltr'>Hymenaeus,</span> 
     </span>
     <span class='ocr_line' id='line_1_9' title="bbox 158 1186 865 1281; baseline 0.007 -26"><span class='ocrx_word' id='word_1_49' title='bbox 158 1200 348 1277; x_wconf 61' lang='lat' dir='ltr'>Exercemus?</span> <span class='ocrx_word' id='word_1_50' title='bbox 370 1203 466 1272; x_wconf 85' lang='lat' dir='ltr'>habes,</span> <span class='ocrx_word' id='word_1_51' title='bbox 488 1205 547 1263; x_wconf 71' lang='lat' dir='ltr'>totu</span> <span class='ocrx_word' id='word_1_52' title='bbox 559 1186 635 1279; x_wconf 85' lang='lat' dir='ltr'>¹quod</span> <span class='ocrx_word' id='word_1_53' title='bbox 649 1214 746 1261; x_wconf 88' lang='lat' dir='ltr'>mente</span> <span class='ocrx_word' id='word_1_54' title='bbox 758 1205 865 1281; x_wconf 75' lang='lat' dir='ltr'>petiti:</span> 
     </span>
     <span class='ocr_line' id='line_1_10' title="bbox 158 1302 902 1381; baseline 0.003 -23"><span class='ocrx_word' id='word_1_55' title='bbox 158 1302 247 1359; x_wconf 84' lang='lat' dir='ltr'>Ardet</span> <span class='ocrx_word' id='word_1_56' title='bbox 260 1323 359 1361; x_wconf 83' lang='lat' dir='ltr'><strong>amans</strong></span> <span class='ocrx_word' id='word_1_57' title='bbox 371 1305 458 1373; x_wconf 89' lang='lat' dir='ltr'>Dido,</span> <span class='ocrx_word' id='word_1_58' title='bbox 480 1305 621 1380; x_wconf 77' lang='lat' dir='ltr'>traxitque</span> <span class='ocrx_word' id='word_1_59' title='bbox 634 1324 686 1381; x_wconf 86' lang='lat' dir='ltr'>per</span> <span class='ocrx_word' id='word_1_60' title='bbox 697 1306 754 1362; x_wconf 76' lang='lat' dir='ltr'>otia</span> <span class='ocrx_word' id='word_1_61' title='bbox 768 1306 902 1363; x_wconf 82' lang='lat' dir='ltr'>furorem.</span> 
     </span>
     <span class='ocr_line' id='line_1_11' title="bbox 160 1397 955 1483; baseline 0.004 -23"><span class='ocrx_word' id='word_1_62' title='bbox 160 1403 353 1463; x_wconf 86' lang='lat' dir='ltr'><strong>Communem</strong></span> <span class='ocrx_word' id='word_1_63' title='bbox 371 1406 447 1463; x_wconf 89' lang='lat' dir='ltr'>huuc</span> <span class='ocrx_word' id='word_1_64' title='bbox 466 1425 535 1482; x_wconf 82' lang='lat' dir='ltr'>ergo</span> <span class='ocrx_word' id='word_1_65' title='bbox 551 1406 701 1483; x_wconf 88' lang='lat' dir='ltr'>populum,</span> <span class='ocrx_word' id='word_1_66' title='bbox 720 1397 892 1482; x_wconf 84' lang='lat' dir='ltr'>paribusque</span> <span class='ocrx_word' id='word_1_67' title='bbox 912 1425 955 1477; x_wconf 55' lang='lat' dir='ltr'>req</span> 
     </span>
     <span class='ocr_line' id='line_1_12' title="bbox 235 1526 337 1581; baseline 0.01 -18"><span class='ocrx_word' id='word_1_68' title='bbox 235 1526 337 1581; x_wconf 83' lang='lat' dir='ltr'><strong>gamus</strong></span> 
     </span>
    </p>

    <p class='ocr_par' dir='ltr' id='par_1_3' title="bbox 159 1607 819 1786">
     <span class='ocr_line' id='line_1_13' title="bbox 159 1607 801 1685; baseline 0.002 -21"><span class='ocrx_word' id='word_1_69' title='bbox 159 1607 317 1683; x_wconf 87' lang='lat' dir='ltr'>Auspiciis:</span> <span class='ocrx_word' id='word_1_70' title='bbox 339 1608 425 1668; x_wconf 87' lang='lat' dir='ltr'>liceat</span> <span class='ocrx_word' id='word_1_71' title='bbox 439 1609 561 1685; x_wconf 70' lang='lat' dir='ltr'>Phuygio</span> <span class='ocrx_word' id='word_1_72' title='bbox 574 1608 676 1665; x_wconf 84' lang='lat' dir='ltr'>servire</span> <span class='ocrx_word' id='word_1_73' title='bbox 689 1608 801 1675; x_wconf 89' lang='lat' dir='ltr'>marito,</span> 
     </span>
     <span class='ocr_line' id='line_1_14' title="bbox 159 1708 819 1786; baseline 0.003 -21"><span class='ocrx_word' id='word_1_74' title='bbox 159 1708 329 1785; x_wconf 83' lang='lat' dir='ltr'>Dotalisque</span> <span class='ocrx_word' id='word_1_75' title='bbox 341 1718 400 1767; x_wconf 78' lang='lat' dir='ltr'>tuae</span> <span class='ocrx_word' id='word_1_76' title='bbox 411 1710 513 1786; x_wconf 85' lang='lat' dir='ltr'>Tyrios</span> <span class='ocrx_word' id='word_1_77' title='bbox 525 1710 689 1785; x_wconf 80' lang='lat' dir='ltr'>permittere</span> <span class='ocrx_word' id='word_1_78' title='bbox 702 1711 819 1777; x_wconf 77' lang='lat' dir='ltr'>dextrae.</span> 
     </span>
    </p>

    <p class='ocr_par' dir='ltr' id='par_1_4' title="bbox 103 1810 954 2913">
     <span class='ocr_line' id='line_1_15' title="bbox 198 1810 867 1879; baseline 0 -12"><span class='ocrx_word' id='word_1_79' title='bbox 198 1810 268 1878; x_wconf 86' lang='lat' dir='ltr'>Olli,</span> <span class='ocrx_word' id='word_1_80' title='bbox 288 1810 373 1870; x_wconf 85' lang='lat' dir='ltr'>senfit</span> <span class='ocrx_word' id='word_1_81' title='bbox 386 1811 464 1873; x_wconf 80' lang='lat' dir='ltr'>enim</span> <span class='ocrx_word' id='word_1_82' title='bbox 477 1812 606 1869; x_wconf 64' lang='lat' dir='ltr'>simulata</span> <span class='ocrx_word' id='word_1_83' title='bbox 618 1821 716 1869; x_wconf 86' lang='lat' dir='ltr'>mente</span> <span class='ocrx_word' id='word_1_84' title='bbox 729 1812 867 1879; x_wconf 86' lang='lat' dir='ltr'>locutam,</span> 
     </span>
     <span class='ocr_line' id='line_1_16' title="bbox 160 1912 837 1990; baseline -0.006 -17"><span class='ocrx_word' id='word_1_85' title='bbox 160 1912 228 1973; x_wconf 79' lang='lat' dir='ltr'>Quo</span> <span class='ocrx_word' id='word_1_86' title='bbox 241 1931 365 1990; x_wconf 84' lang='lat' dir='ltr'><strong>regnum</strong></span> <span class='ocrx_word' id='word_1_87' title='bbox 379 1912 461 1972; x_wconf 72' lang='lat' dir='ltr'>tulit</span> <span class='ocrx_word' id='word_1_88' title='bbox 475 1913 595 1990; x_wconf 87' lang='lat' dir='ltr'>Libycas</span> <span class='ocrx_word' id='word_1_89' title='bbox 607 1921 747 1970; x_wconf 85' lang='lat' dir='ltr'>averteret</span> <span class='ocrx_word' id='word_1_90' title='bbox 760 1931 837 1982; x_wconf 83' lang='lat' dir='ltr'>oras;</span> 
     </span>
     <span class='ocr_line' id='line_1_17' title="bbox 159 2013 936 2091; baseline 0 -19"><span class='ocrx_word' id='word_1_91' title='bbox 159 2014 204 2082; x_wconf 81' lang='lat' dir='ltr'>Sic</span> <span class='ocrx_word' id='word_1_92' title='bbox 216 2025 315 2074; x_wconf 80' lang='lat' dir='ltr'>contra</span> <span class='ocrx_word' id='word_1_93' title='bbox 328 2015 367 2072; x_wconf 87' lang='lat' dir='ltr'>est</span> <span class='ocrx_word' id='word_1_94' title='bbox 381 2015 500 2091; x_wconf 82' lang='lat' dir='ltr'>ingreffa</span> <span class='ocrx_word' id='word_1_95' title='bbox 513 2016 625 2074; x_wconf 86' lang='lat' dir='ltr'><strong>Venus:</strong></span> <span class='ocrx_word' id='word_1_96' title='bbox 649 2014 724 2071; x_wconf 79' lang='lat' dir='ltr'>Quis</span> <span class='ocrx_word' id='word_1_97' title='bbox 738 2013 806 2070; x_wconf 86' lang='lat' dir='ltr'>talia</span> <span class='ocrx_word' id='word_1_98' title='bbox 819 2013 936 2072; x_wconf 85' lang='lat' dir='ltr'>demens</span> 
     </span>
     <span class='ocr_line' id='line_1_18' title="bbox 158 2115 853 2187; baseline -0.001 -15"><span class='ocrx_word' id='word_1_99' title='bbox 158 2117 287 2187; x_wconf 82' lang='lat' dir='ltr'><strong>Abuuat,</strong></span> <span class='ocrx_word' id='word_1_100' title='bbox 307 2125 358 2174; x_wconf 89' lang='lat' dir='ltr'>aut</span> <span class='ocrx_word' id='word_1_101' title='bbox 371 2127 468 2174; x_wconf 88' lang='lat' dir='ltr'>tecum</span> <span class='ocrx_word' id='word_1_102' title='bbox 479 2117 562 2174; x_wconf 90' lang='lat' dir='ltr'>malit</span> <span class='ocrx_word' id='word_1_103' title='bbox 574 2117 747 2174; x_wconf 82' lang='lat' dir='ltr'>contendere</span> <span class='ocrx_word' id='word_1_104' title='bbox 759 2115 853 2172; x_wconf 84' lang='lat' dir='ltr'>bello?</span> 
     </span>
     <span class='ocr_line' id='line_1_19' title="bbox 159 2216 952 2293; baseline 0.005 -20"><span class='ocrx_word' id='word_1_105' title='bbox 159 2217 187 2274; x_wconf 88' lang='lat' dir='ltr'>Si</span> <span class='ocrx_word' id='word_1_106' title='bbox 200 2218 295 2286; x_wconf 86' lang='lat' dir='ltr'><strong>modu,</strong></span> <span class='ocrx_word' id='word_1_107' title='bbox 308 2218 385 2292; x_wconf 90' lang='lat' dir='ltr'><strong>quod</strong></span> <span class='ocrx_word' id='word_1_108' title='bbox 398 2235 545 2285; x_wconf 80' lang='lat' dir='ltr'>memoras,</span> <span class='ocrx_word' id='word_1_109' title='bbox 557 2216 666 2274; x_wconf 67' lang='lat' dir='ltr'>factum</span> <span class='ocrx_word' id='word_1_110' title='bbox 678 2218 792 2274; x_wconf 83' lang='lat' dir='ltr'>fortuna</span> <span class='ocrx_word' id='word_1_111' title='bbox 805 2217 952 2293; x_wconf 86' lang='lat' dir='ltr'>sequatur:</span> 
     </span>
     <span class='ocr_line' id='line_1_20' title="bbox 160 2318 803 2395; baseline 0 -21"><span class='ocrx_word' id='word_1_112' title='bbox 160 2319 214 2375; x_wconf 84' lang='lat' dir='ltr'>Sed</span> <span class='ocrx_word' id='word_1_113' title='bbox 226 2318 293 2376; x_wconf 85' lang='lat' dir='ltr'>fatis</span> <span class='ocrx_word' id='word_1_114' title='bbox 307 2319 415 2378; x_wconf 79' lang='lat' dir='ltr'>incerta</span> <span class='ocrx_word' id='word_1_115' title='bbox 428 2318 514 2388; x_wconf 85' lang='lat' dir='ltr'>feror,</span> <span class='ocrx_word' id='word_1_116' title='bbox 534 2319 701 2395; x_wconf 79' lang='lat' dir='ltr'>siJuppiter</span> <span class='ocrx_word' id='word_1_117' title='bbox 713 2338 803 2376; x_wconf 86' lang='lat' dir='ltr'><strong>unam</strong></span> 
     </span>
     <span class='ocr_line' id='line_1_21' title="bbox 157 2419 855 2496; baseline 0 -18"><span class='ocrx_word' id='word_1_118' title='bbox 157 2420 219 2478; x_wconf 80' lang='lat' dir='ltr'>Effe</span> <span class='ocrx_word' id='word_1_119' title='bbox 233 2421 303 2481; x_wconf 86' lang='lat' dir='ltr'>velit</span> <span class='ocrx_word' id='word_1_120' title='bbox 315 2420 410 2496; x_wconf 88' lang='lat' dir='ltr'>Tyriis</span> <span class='ocrx_word' id='word_1_121' title='bbox 422 2423 531 2488; x_wconf 87' lang='lat' dir='ltr'><strong>urbem,</strong></span> <span class='ocrx_word' id='word_1_122' title='bbox 551 2419 694 2495; x_wconf 68' lang='lat' dir='ltr'>Trojique</span> <span class='ocrx_word' id='word_1_123' title='bbox 706 2419 855 2495; x_wconf 70' lang='lat' dir='ltr'>profectis5</span> 
     </span>
     <span class='ocr_line' id='line_1_22' title="bbox 158 2521 948 2600; baseline -0.006 -16"><span class='ocrx_word' id='word_1_124' title='bbox 158 2524 310 2584; x_wconf 83' lang='lat' dir='ltr'>Miscerive</span> <span class='ocrx_word' id='word_1_125' title='bbox 322 2527 423 2600; x_wconf 86' lang='lat' dir='ltr'>probet</span> <span class='ocrx_word' id='word_1_126' title='bbox 435 2523 563 2599; x_wconf 72' lang='lat' dir='ltr'>populoS,</span> <span class='ocrx_word' id='word_1_127' title='bbox 584 2534 634 2579; x_wconf 82' lang='lat' dir='ltr'>aut</span> <span class='ocrx_word' id='word_1_128' title='bbox 647 2521 753 2588; x_wconf 82' lang='lat' dir='ltr'>foedera</span> <span class='ocrx_word' id='word_1_129' title='bbox 763 2522 859 2600; x_wconf 82' lang='lat' dir='ltr'>jungi.</span> <span class='ocrx_word' id='word_1_130' title='bbox 943 2589 948 2594; x_wconf 86' lang='lat'>.</span> 
     </span>
     <span class='ocr_line' id='line_1_23' title="bbox 157 2625 945 2704; baseline -0.001 -20"><span class='ocrx_word' id='word_1_131' title='bbox 157 2627 203 2684; x_wconf 93' lang='lat' dir='ltr'>Tu</span> <span class='ocrx_word' id='word_1_132' title='bbox 216 2625 355 2704; x_wconf 83' lang='lat' dir='ltr'>conjunx:</span> <span class='ocrx_word' id='word_1_133' title='bbox 378 2625 433 2698; x_wconf 80' lang='lat' dir='ltr'>tibi</span> <span class='ocrx_word' id='word_1_134' title='bbox 445 2626 487 2686; x_wconf 81' lang='lat' dir='ltr'>fas</span> <span class='ocrx_word' id='word_1_135' title='bbox 501 2625 631 2682; x_wconf 86' lang='lat' dir='ltr'>animum</span> <span class='ocrx_word' id='word_1_136' title='bbox 646 2635 755 2684; x_wconf 86' lang='lat' dir='ltr'>tentare</span> <span class='ocrx_word' id='word_1_137' title='bbox 768 2629 920 2702; x_wconf 82' lang='lat' dir='ltr'>precando.</span> <span class='ocrx_word' id='word_1_138' title='bbox 942 2686 945 2694; x_wconf 73' lang='grc'><em>,</em></span> 
     </span>
     <span class='ocr_line' id='line_1_24' title="bbox 157 2726 880 2804; baseline -0.004 -18"><span class='ocrx_word' id='word_1_139' title='bbox 157 2729 259 2804; x_wconf 75' lang='lat' dir='ltr'>Perge:</span> <span class='ocrx_word' id='word_1_140' title='bbox 283 2727 391 2803; x_wconf 86' lang='lat' dir='ltr'>sequar.</span> <span class='ocrx_word' id='word_1_141' title='bbox 430 2727 508 2786; x_wconf 88' lang='lat' dir='ltr'>Tum</span> <span class='ocrx_word' id='word_1_142' title='bbox 521 2726 558 2784; x_wconf 87' lang='lat' dir='ltr'>fic</span> <span class='ocrx_word' id='word_1_143' title='bbox 571 2727 683 2802; x_wconf 86' lang='lat' dir='ltr'>excepit</span> <span class='ocrx_word' id='word_1_144' title='bbox 697 2728 775 2803; x_wconf 85' lang='lat' dir='ltr'>regia</span> <span class='ocrx_word' id='word_1_145' title='bbox 788 2731 880 2804; x_wconf 86' lang='lat' dir='ltr'><strong>Juno:</strong></span> 
     </span>
     <span class='ocr_line' id='line_1_25' title="bbox 103 2827 954 2913; baseline -0.002 -27"><span class='ocrx_word' id='word_1_146' title='bbox 103 2869 105 2892; x_wconf 40' lang='grc' dir='ltr'><em>ρ</em></span> <span class='ocrx_word' id='word_1_147' title='bbox 193 2830 316 2886; x_wconf 83' lang='lat' dir='ltr'><strong>Mecum</strong></span> <span class='ocrx_word' id='word_1_148' title='bbox 327 2828 383 2886; x_wconf 83' lang='lat' dir='ltr'>erit</span> <span class='ocrx_word' id='word_1_149' title='bbox 394 2827 444 2884; x_wconf 87' lang='lat' dir='ltr'>iste</span> <span class='ocrx_word' id='word_1_150' title='bbox 456 2827 548 2884; x_wconf 88' lang='lat' dir='ltr'>labor:</span> <span class='ocrx_word' id='word_1_151' title='bbox 571 2847 649 2890; x_wconf 89' lang='lat' dir='ltr'>nunc</span> <span class='ocrx_word' id='word_1_152' title='bbox 662 2829 720 2904; x_wconf 64' lang='lat' dir='ltr'>qui</span> <span class='ocrx_word' id='word_1_153' title='bbox 734 2829 853 2913; x_wconf 71' lang='lat' dir='ltr'>ratique,</span> <span class='ocrx_word' id='word_1_154' title='bbox 877 2828 954 2902; x_wconf 87' lang='lat' dir='ltr'><strong>quod</strong></span> 
     </span>
    </p>

    <p class='ocr_par' dir='ltr' id='par_1_5' title="bbox 275 2930 371 2998">
     <span class='ocr_line' id='line_1_26' title="bbox 275 2930 371 2998; baseline -0.031 -11"><span class='ocrx_word' id='word_1_155' title='bbox 275 2930 371 2998; x_wconf 85' lang='lat' dir='ltr'>instat,</span> 
     </span>
    </p>
   </div>
   <div class='ocr_carea' id='block_1_3' title="bbox 155 3018 945 3316">
    <p class='ocr_par' dir='ltr' id='par_1_6' title="bbox 155 3018 945 3316">
     <span class='ocr_line' id='line_1_27' title="bbox 157 3018 798 3107; baseline -0.009 -16"><span class='ocrx_word' id='word_1_156' title='bbox 157 3031 284 3091; x_wconf 88' lang='lat' dir='ltr'>Confieri</span> <span class='ocrx_word' id='word_1_157' title='bbox 300 3029 392 3107; x_wconf 81' lang='lat' dir='ltr'>pouit,</span> <span class='ocrx_word' id='word_1_158' title='bbox 412 3018 516 3105; x_wconf 82' lang='lat' dir='ltr'>paucis,</span> <span class='ocrx_word' id='word_1_159' title='bbox 536 3031 660 3101; x_wconf 84' lang='lat' dir='ltr'>adverte,</span> <span class='ocrx_word' id='word_1_160' title='bbox 681 3031 798 3087; x_wconf 88' lang='lat' dir='ltr'>docebo.</span> 
     </span>
     <span class='ocr_line' id='line_1_28' title="bbox 155 3130 811 3211; baseline -0.002 -19"><span class='ocrx_word' id='word_1_161' title='bbox 155 3137 304 3193; x_wconf 86' lang='lat' dir='ltr'>Venatum</span> <span class='ocrx_word' id='word_1_162' title='bbox 318 3133 551 3211; x_wconf 74' lang='lat' dir='ltr'>AEueasunitque</span> <span class='ocrx_word' id='word_1_163' title='bbox 563 3132 721 3191; x_wconf 86' lang='lat' dir='ltr'>miserrima</span> <span class='ocrx_word' id='word_1_164' title='bbox 733 3130 811 3191; x_wconf 86' lang='lat' dir='ltr'>Dido</span> 
     </span>
     <span class='ocr_line' id='line_1_29' title="bbox 156 3231 945 3316; baseline -0.022 -20"><span class='ocrx_word' id='word_1_165' title='bbox 156 3239 190 3298; x_wconf 91' lang='lat' dir='ltr'>Iu</span> <span class='ocrx_word' id='word_1_166' title='bbox 204 3255 311 3300; x_wconf 85' lang='lat' dir='ltr'><strong>nemus</strong></span> <span class='ocrx_word' id='word_1_167' title='bbox 324 3233 369 3316; x_wconf 75' lang='lat' dir='ltr'>ire</span> <span class='ocrx_word' id='word_1_168' title='bbox 379 3241 488 3312; x_wconf 82' lang='lat' dir='ltr'>parant,</span> <span class='ocrx_word' id='word_1_169' title='bbox 501 3233 560 3294; x_wconf 79' lang='lat' dir='ltr'>ubi</span> <span class='ocrx_word' id='word_1_170' title='bbox 572 3231 916 3316; x_wconf 20' lang='lat' dir='ltr'>primos-crastiuuslottuu</span> <span class='ocrx_word' id='word_1_171' title='bbox 935 3252 945 3300; x_wconf 65' lang='grc' dir='ltr'>ῃ,</span> 
     </span>
    </p>
   </div>
   <div class='ocr_carea' id='block_1_4' title="bbox 0 0 1260 3875">
    <p class='ocr_par' dir='ltr' id='par_1_7' title="bbox 0 0 1260 3875">
     <span class='ocr_line' id='line_1_30' title="bbox 0 0 1260 3875; baseline 0 1"><span class='ocrx_word' id='word_1_172' title='bbox 0 0 1260 3875; x_wconf 95' lang='lat' dir='ltr'> </span> 
     </span>
    </p>
   </div>
  </div>
 </body>
</html>
