2509 3875
222 340 328 402 udae.
417 346 419 349 ’
527 346 625 403 LIB.
663 344 717 403 XI.
959 348 1016 400 253

224 496 306 565 Saxa,
327 496 420 573 fugit3
441 494 573 576 litusque,
586 502 659 558 vado
671 501 794 568 labente,
814 496 961 574 relinquit.

223 599 281 667 Bis,
293 598 380 657 Tusci
394 602 513 661 Rutulos
525 622 609 679 egere
623 604 659 661 ad
675 602 779 660 moenia
792 600 897 671 versos3

223 701 281 768 Bis,
301 699 405 776 rejedti,
425 702 509 761 armis
522 705 679 782 respedlant
691 716 771 781 terga
783 713 921 781 tegentes.

262 802 359 861 Tertia
372 803 419 861 sed
432 804 578 881 postquam
592 806 729 883 congreffi
742 806 774 863 in
787 806 887 881 proelia
900 812 972 863 totas

168 890 176 899 ⁸
197 918 200 933 ⁵
224 905 385 980 Inplicuere
402 906 478 963 inter
489 908 518 965 se
530 908 613 979 acies,
633 909 762 985 legitque
772 908 868 967 virum
879 908 935 978 vir;

223 1006 300 1064 Tum
314 1025 380 1065 vero
398 1016 428 1065 et
443 1008 567 1086 gemitus
584 1008 767 1080 morientum,
787 1020 817 1067 et
833 1008 1014 1086 sanguinein

301 1110 359 1166 alto

223 1210 381 1287 Armaque,
395 1230 576 1290 corporaque,
593 1221 632 1283 et,
645 1214 781 1291 permixti
793 1215 870 1271 caede
881 1214 1015 1284 virorum,

225 1312 398 1371 Semanimes
410 1315 564 1373 volvuntur
576 1316 658 1392 equit
678 1335 776 1393 pugna
788 1316 882 1393 aspera
896 1316 997 1394 surgit.

224 1414 388 1473 Orfilochus
400 1417 525 1482 Remuli,
546 1420 661 1494 quando
672 1419 766 1495 ipsum
783 1419 917 1477 horrebat
927 1420 1016 1489 adire,

224 1517 343 1575 Hastam
356 1518 467 1577 intorsrt
477 1538 560 1596 equo,
573 1520 736 1595 ferrumque
748 1519 800 1577 sub
810 1540 878 1577 aure
889 1522 1015 1598 reliquit,

227 1618 296 1675 Quo
309 1619 418 1697 sonipes
430 1620 488 1679 rau
502 1620 574 1678 furit
586 1622 698 1691 arduus,
718 1622 832 1697 altaque
840 1621 938 1698 jactat,

225 1721 358 1781 Volneris
369 1723 519 1801 inpatiens,
539 1724 651 1782 adrtho
663 1724 777 1801 pedore
788 1744 884 1783 crura:

226 1824 360 1882 Volvitur
368 1826 430 1895 ille,
450 1826 586 1897 excutias,
607 1827 699 1884 humi.
738 1827 861 1885 Catillus
873 1828 963 1896 Iolan,

225 1927 435 2005 lugentemque
448 1928 559 1998 animi-s,
577 1928 727 2005 ingentem
739 1947 864 2006 corpore,
872 1913 910 1988 ‘et
922 1930 1018 2001 armis,

224 2029 333 2107 Dejicit
346 2032 541 2088 Herminium:
564 2032 641 2088 nudo
654 2030 702 2088 cui
713 2031 818 2088 vertice
830 2032 909 2090 fulva

227 2133 370 2200 Caesaries,
390 2133 517 2210 nudique
534 2114 661 2191 humeri:
682 2152 736 2190 nec
746 2133 862 2191 volnera
875 2143 980 2192 terrent
986 2160 995 2206 3

225 2235 337 2292 Tantus
350 2235 380 2292 in
394 2254 471 2294 arma
484 2243 572 2311 patet.
600 2235 686 2291 Latos
698 2233 767 2292 huic
779 2234 855 2293 hasta
866 2255 916 2312 per
925 2256 1019 2295 armoe

226 2338 300 2397 Ana
313 2337 419 2407 tremit,
439 2337 623 2413 duplicatque
635 2336 728 2396 virum
746 2337 880 2396 transfixa
892 2339 997 2397 dolore.
1015 2341 1019 2349 ’

227 2441 369 2498 Funditur
381 2451 441 2498 ater
451 2439 558 2514 ubique
571 2457 666 2496 cruor:
687 2440 757 2497 dant
768 2441 869 2498 funera
880 2441 964 2503 ferror

228 2543 385 2611 Certantes,
404 2542 608 2618 pulchramque
625 2552 728 2618 petunt
742 2563 794 2620 per
812 2545 927 2604 volnera
941 2565 1016 2604 mor·

343 2654 412 2704 tem.

233 2788 236 2794 ,
263 2747 310 2804 At
323 2747 428 2804 medias
440 2747 516 2804 inter
527 2747 616 2804 caedes
627 2747 750 2805 exsultat
763 2750 904 2817 Ameana,

229 2848 330 2908 Unum
343 2849 451 2906 exserta
465 2849 539 2906 latus
551 2867 666 2924 pugnae,
686 2848 845 2925 pharetrata
859 2849 1000 2906 Camilla:-

229 2952 267 3007 Et
280 2969 356 3007 nunc
368 2950 455 3018 lenta,
474 2969 562 3008 manu
577 2949 719 3027 spargens,
738 2951 848 3008 hastilia
861 2951 976 3021 alensem

228 3053 259 3110 N
262 3071 317 3110 unc
329 3051 453 3110 validam
466 3051 566 3109 dextri
578 3052 653 3127 rapit
667 3052 800 3110 indefeffa
812 3053 984 3129 bipennem:

228 3157 342 3213 Aureus
355 3173 390 3226 ea
405 3153 523 3212 humero
536 3154 616 3210 sonat
629 3171 718 3222 arcus,
738 3164 769 3210 et
780 3173 858 3213 arma
872 3156 984 3214 Dianae.

228 3257 281 3316 Illa
295 3257 391 3330 etiam,
413 3255 559 3330 siquando
572 3255 603 3312 in
616 3263 730 3329 tergum
741 3257 822 3332 pulsa
834 3259 952 3329 recellit,
967 3305 974 3314 ,
