2509 3875
272 354 329 415 246
531 350 806 425 AENEIDOS,
956 359 1066 427 vasaq.

272 509 412 585 nauaque
421 508 543 567 Volcani
557 510 688 567 manibus
700 510 780 586 paria
792 510 896 569 induat
909 528 997 579 arma,

272 614 325 671 lile
337 612 414 669 licet.
442 612 531 670 Vobis
544 612 671 672 animam
683 613 767 683 hanc,
787 614 939 690 soceroque
954 614 1071 684 latino,

180 764 184 775 .
271 716 387 775 Turnus
400 734 463 793 ego,
483 714 561 773 haud
574 714 628 772 uili
639 724 768 774 veterum
779 716 886 773 virtute
898 715 1051 787 secundus,

272 818 392 877 Devovi.
432 816 531 875 Solum
543 817 652 874 AEneas
665 827 764 875 vocat:
786 826 825 886 et,
840 827 923 875 vocet
935 836 1000 875 oro:

276 922 341 981 Nec
356 922 479 978 Drances
492 918 595 995 potius,
616 918 672 976 five
684 919 724 976 est
736 920 798 977 haec
810 919 853 977 ira
865 920 994 989 deorum,

273 1024 371 1083 Morte
384 1022 459 1091 luat;
483 1020 538 1077 five
551 1020 591 1077 est
604 1020 704 1089 virtus,
723 1031 752 1077 et
766 1021 865 1097 gloria,
885 1020 977 1078 tollat.

313 1124 361 1181 Illi
374 1122 436 1179 haec
449 1120 525 1179 inter
537 1120 566 1179 se
578 1121 675 1179 dubiis
688 1122 725 1179 de
737 1124 821 1179 rebus
833 1124 957 1199 agebant

274 1228 437 1293 Certantes;
460 1224 545 1281 castra
559 1224 678 1292 AEneas,
701 1223 859 1299 aciemque,
878 1225 1021 1282 movebat.

273 1325 404 1388 Nuntius
415 1324 528 1400 ingenti
541 1342 591 1401 per
604 1324 682 1400 regia
695 1326 769 1383 tetta
783 1326 913 1383 tumultu

275 1428 365 1489 Esset
386 1425 453 1496 ruit,
475 1425 644 1503 magnisque
656 1428 756 1485 urbem
770 1427 924 1485 terroribus
936 1427 1046 1503 inplete

276 1531 428 1591 Instrusios
441 1528 513 1597 acie,
524 1529 663 1587 Tiberino
675 1548 692 1586 a
704 1530 827 1588 flumine
836 1532 962 1588 Teucros

276 1635 512 1713 Tyrrhenamque
525 1652 653 1702 manum,
673 1633 741 1690 totis
755 1633 925 1691 descendere
936 1635 1058 1713 campis.

278 1740 432 1817 Extemplo
446 1737 553 1795 turbati
566 1736 666 1807 animi,
687 1736 874 1812 concussaque
887 1738 978 1814 volgi'

278 1844 403 1912 Pedona,
424 1852 454 1899 et
467 1840 586 1898 adrestas
600 1838 719 1897 stimulis
731 1840 808 1898 haud
821 1840 955 1898 mollibus
967 1841 1027 1899 irae.

280 1949 370 2006 Arma
384 1965 474 2018 manu¹
484 1943 586 2021 trepidi
606 1944 741 2021 poscunt;
762 1943 862 2002 fremit
879 1963 957 2002 arma
971 1943 1079 2021 juven-

359 2061 419 2122 tus;

279 2155 363 2213 Flent
383 2152 481 2221 metii,
509 2150 698 2227 mussantque,
723 2158 825 2226 patres.
869 2150 928 2207 Hic
946 2149 1080 2228 undique

359 2256 475 2323 clamor,

280 2357 417 2416 Dissensu
431 2356 520 2426 vario,
541 2375 662 2434 magnus
675 2356 703 2414 se
715 2355 792 2414 tollit
803 2356 835 2413 in
849 2375 942 2414 auras:

281 2459 370 2518 Haud
383 2459 470 2526 secus,
488 2469 573 2534 atque
585 2460 644 2517 alto
657 2460 687 2516 in
700 2459 766 2517 luco
778 2479 845 2517 cum
858 2460 932 2517 sorte
943 2469 1069 2519 caterve

282 2560 443 2620 Consedere
456 2561 562 2629 avium,
583 2563 726 2638 piscosove
739 2581 824 2620 amne
840 2563 951 2620 Padusae

283 2668 363 2726 Dant
375 2664 500 2722 sonitum
513 2664 593 2722 rauci
605 2684 656 2741 per
668 2665 764 2742 stagna
776 2665 906 2742 loquacia
920 2666 1014 2743 cycni.

322 2772 425 2838 Immo,
446 2769 494 2838 ait,
515 2767 633 2826 ocivesi
656 2770 772 2845 adrepto
785 2779 921 2852 ternpore,
935 2770 1066 2843 Turnus,

285 2873 389 2950 Cogite
401 2871 567 2939 concilium,
588 2881 617 2929 et
630 2890 730 2947 pacem
741 2873 856 2930 laudate
869 2872 1010 2930 sedentes:
1053 2875 1056 2880 ’

284 2977 332 3035 illi
345 2975 430 3034 armis
443 2976 472 3032 in
486 2993 573 3052 regna
586 2984 678 3032 ruant.
718 2975 783 3032 Nec
796 2976 876 3051 plura
890 2977 1001 3033 locutus

285 3079 437 3156 Conripuit
450 3077 516 3146 sese,
536 3087 566 3135 et
579 3078 659 3135 testis
672 3077 746 3135 citus
759 3079 863 3135 extulit
875 3079 949 3136 altis.

283 3182 341 3247 Tu,
355 3181 468 3250 Voluse,
489 3181 593 3238 armari
604 3181 773 3239 Volscorum
785 3181 864 3239 edice
876 3181 1009 3257 maniplis
1016 3207 1027 3254 3

284 3281 359 3352 Duc,
372 3282 421 3351 ait,
433 3292 463 3340 et
474 3285 603 3346 Rutulos.
623 3284 768 3361 Equitem,
778 3283 931 3360 Messapus,
941 3284 973 3341 in
984 3285 1084 3361 umis,
