2509 3875
113 356 117 366 ·
194 334 222 375 v.
235 315 301 373 361;
494 318 592 377 LIB.
631 320 685 377 x1.
707 333 723 387 ἣ
932 325 988 384 243

195 470 328 545 Projicis?
344 491 362 529 ο
373 473 456 531 Latio
465 484 551 552 eaput
560 476 674 544 horum,
683 484 713 532 et
723 473 823 544 cannia,
834 473 988 533 malorum!

194 574 285 631 Nulla
299 574 372 633 salus
385 577 473 633 bello:
495 596 595 654 pacem
610 578 791 654 tepescimus
804 584 920 647 omnes,'

194 677 294 733 Turne
299 702 308 747 5
329 678 412 735 fimul
426 680 503 756 pacis
517 680 608 739 solum
621 680 786 738 inviolabile
794 678 911 755 pignus.

195 780 306 837 Pn'mus
319 800 382 857 ego,
400 782 525 839 invisum
539 802 625 858 quem
639 793 672 840 tu
686 783 741 839 tibi
758 782 852 859 fingis,
873 791 903 839 et
915 782 971 839 eise

194 880 248 939 Nil
262 902 365 960 monor,
385 884 435 941 en!
458 884 575 961 supplex
588 886 687 942 venio':
710 884 842 941 miserere
857 865 987 954 tuornm5

194 986 270 1041 Pone
283 985 401 1054 animosi,
422 995 451 1043 et
464 986 560 1061 pulsus
573 987 631 1053 abi.
671 987 719 1043 Sat
731 987 832 1043 funera
845 985 900 1043 fufi
957 1015 960 1021 ·

191 1086 335 1153 Vidimus,
355 1088 480 1164 ingentis
494 1098 523 1145 et
534 1088 722 1146 'desolavimus
735 1102 826 1163 agros.

192 1189 265 1257 Aut,
286 1188 396 1246 fisama
410 1206 515 1258 movet,
536 1191 683 1247 sitantum
702 1192 814 1265 pedore
826 1191 913 1247 robur

193 1290 337 1367 Cnncipis,
358 1300 388 1348 et
401 1293 421 1348 fi
435 1293 505 1349 adeo
518 1291 619 1349 dotalis
633 1290 711 1367 regia
726 1291 804 1348 cordi
817 1292 870 1361 est;
973 1369 976 1374 Ι

192 1394 287 1463 Ande,
301 1403 387 1469 atque
398 1393 546 1451 adversum
557 1394 648 1450 fidens
659 1394 702 1450 fer
714 1394 812 1468 pedus
824 1394 857 1450 in
870 1393 988 1458 hostem.

193 1495 317 1563 Scilicet,
336 1504 370 1552 ut
382 1496 482 1553 Turno
495 1495 645 1571 contingat
659 1494 737 1571 regia
750 1494 884 1571 conjunx,

192 1597 264 1665 Nos,
285 1597 387 1655 nnimae
400 1598 478 1666 viles,
498 1596 649 1654 inhumata
662 1596 817 1671 infletaque
830 1600 922 1666 turba,
970 1616 974 1620 ·

190 1699 359 1756 Sternamur
371 1699 494 1775 campis:
517 1678 546 1755 ei
554 1698 615 1774 jam
628 1708 670 1766 tu,
691 1699 778 1773 s1qua
792 1698 845 1755 tibi
858 1698 910 1768 vis,

192 1800 222 1857 Si
235 1801 320 1878 patrii
333 1801 403 1877 quid
416 1800 519 1858 Martis
532 1800 627 1871 habes,
645 1800 729 1856 illum
741 1801 853 1875 adspice
865 1809 976 1871 conten

193 1904 255 1962 Qui
269 1914 360 1963 vocet.
857 1916 859 1919 ’

229 2007 349 2064 Talibus
362 2007 465 2064 exarfit
479 2006 561 2064 dietis
573 2006 708 2064 violentia
721 2006 827 2063 Turni:

191 2111 251 2168 Dat
264 2109 419 2186 gemitum3
443 2108 607 2185 rumpitque
620 2107 672 2166 has
683 2107 745 2166 imo
761 2108 874 2184 pedore
887 2127 984 2167 voces:

229 2213 320 2288 Larga
333 2211 458 2287 quidem,
472 2213 594 2278 Drance,
614 2210 725 2285 semper
737 2209 792 2267 tibi
805 2208 886 2294 eopia
901 2211 983 2269 sandi

188 2316 276 2386 Tum,
296 2335 363 2372 cum
377 2315 452 2372 bella
465 2331 566 2371 manus
580 2312 715 2388 poscunt3
736 2312 922 2390 patribusque
935 2331 984 2381 vn·

267 2417 339 2475 catis

189 2517 300 2576 Primus
313 2520 393 2576 ades:
416 2517 465 2575 sed
478 2537 535 2575 non
551 2519 687 2595 replenda
699 2518 739 2576 est
752 2519 831 2577 curia
844 2520 945 2590 verbis,
964 2544 967 2549 ’

191 2621 267 2676 Quae
280 2631 343 2678 tuto
356 2621 410 2679 tibi
423 2640 527 2698 magna
538 2621 643 2690 volant,
664 2621 734 2705 dum
746 2622 868 2680 distinet
876 2622 984 2684 hostem

188 2722 290 2796 Agger
302 2741 466 2793 moerorum,
488 2743 540 2780 nec
552 2722 693 2780 inundant
706 2723 844 2800 sanguine
857 2724 943 2781 foffae.
1063 2780 1065 2784 ,

188 2825 308 2882 Proinde
321 2827 521 2901 tonaeloquio,
539 2825 654 2882 solitum
668 2826 722 2883 tibi
727 2852 735 2897 i
758 2845 861 2901 meque
872 2825 983 2882 timoris

187 2928 288 3003 Argue
302 2937 343 2997 tu,
358 2930 482 2986 Drance:
505 2931 620 3004 quando
634 2939 676 2985 tot
689 2930 785 3005 stragis
798 2946 911 2986 acervos
954 2950 958 2955 ’

186 3031 364 3089 Teucrorum
378 3042 427 3090 tua
440 3034 538 3091 dextra
552 3033 641 3099 dedit,
661 3033 816 3107 paffimque
832 3030 944 3107 tropaeis

187 3133 308 3210 Insignis
322 3153 412 3210 agros.
454 3134 537 3192 Poffit
551 3134 620 3210 quid
631 3132 728 3190 -vivida
742 3133 840 3200 virtus,

187 3237 432 3313 Experiere-licen
456 3244 508 3296 n'ec
520 3238 605 3313 longe
619 3235 726 3312 seilicet
738 3235 828 3299 hostes
881 3301 885 3307 .
