<?xml version="1.0" encoding="UTF-8"?>
<!DOCTYPE html PUBLIC "-//W3C//DTD XHTML 1.0 Transitional//EN"
    "http://www.w3.org/TR/xhtml1/DTD/xhtml1-transitional.dtd">
<html xmlns="http://www.w3.org/1999/xhtml" xml:lang="en" lang="en">
 <head>
  <title>
</title>
<meta http-equiv="Content-Type" content="text/html;charset=utf-8" />
  <meta name='ocr-system' content='tesseract 3.04.00' />
  <meta name='ocr-capabilities' content='ocr_page ocr_carea ocr_par ocr_line ocrx_word'/>
</head>
<body>
  <div class='ocr_page' id='page_1' title='image "./pvirgiliimaroni01wakegoog/pvirgiliimaroni01wakegoog_0107.png"; bbox 0 0 2509 3875; ppageno 0'>
   <div class='ocr_carea' id='block_1_1' title="bbox 201 355 1007 434">
    <p class='ocr_par' dir='ltr' id='par_1_1' title="bbox 201 355 1007 434">
     <span class='ocr_line' id='line_1_1' title="bbox 201 355 1007 434; baseline 0 -19"><span class='ocrx_word' id='word_1_1' title='bbox 201 376 231 417; x_wconf 88' lang='lat' dir='ltr'>v.</span> <span class='ocrx_word' id='word_1_2' title='bbox 243 365 313 417; x_wconf 79' lang='lat'><strong>833.</strong></span> <span class='ocrx_word' id='word_1_3' title='bbox 509 355 607 414; x_wconf 87' lang='lat' dir='ltr'><strong>LIB.</strong></span> <span class='ocrx_word' id='word_1_4' title='bbox 645 355 699 416; x_wconf 86' lang='lat' dir='ltr'>Vl.</span> <span class='ocrx_word' id='word_1_5' title='bbox 968 371 1007 434; x_wconf 76' lang='lat'>93</span> 
     </span>
    </p>
   </div>
   <div class='ocr_carea' id='block_1_2' title="bbox 204 511 1004 2649">
    <p class='ocr_par' dir='ltr' id='par_1_2' title="bbox 204 511 1004 2649">
     <span class='ocr_line' id='line_1_2' title="bbox 204 511 886 589; baseline -0.001 -18"><span class='ocrx_word' id='word_1_6' title='bbox 204 515 275 571; x_wconf 90' lang='lat' dir='ltr'>Neu</span> <span class='ocrx_word' id='word_1_7' title='bbox 287 513 389 589; x_wconf 85' lang='lat' dir='ltr'>patriae</span> <span class='ocrx_word' id='word_1_8' title='bbox 400 511 509 570; x_wconf 84' lang='lat' dir='ltr'>validas</span> <span class='ocrx_word' id='word_1_9' title='bbox 520 513 553 570; x_wconf 89' lang='lat' dir='ltr'>in</span> <span class='ocrx_word' id='word_1_10' title='bbox 566 512 673 571; x_wconf 86' lang='lat' dir='ltr'>viscera</span> <span class='ocrx_word' id='word_1_11' title='bbox 685 513 788 572; x_wconf 83' lang='lat' dir='ltr'>vertite</span> <span class='ocrx_word' id='word_1_12' title='bbox 801 513 886 574; x_wconf 68' lang='lat' dir='ltr'>vitem</span> 
     </span>
     <span class='ocr_line' id='line_1_3' title="bbox 204 617 989 698; baseline 0.004 -23"><span class='ocrx_word' id='word_1_13' title='bbox 204 618 311 692; x_wconf 86' lang='lat' dir='ltr'>Tuque</span> <span class='ocrx_word' id='word_1_14' title='bbox 323 617 410 692; x_wconf 89' lang='lat' dir='ltr'>prior,</span> <span class='ocrx_word' id='word_1_15' title='bbox 430 626 463 673; x_wconf 89' lang='lat' dir='ltr'>tu</span> <span class='ocrx_word' id='word_1_16' title='bbox 475 635 568 692; x_wconf 87' lang='lat' dir='ltr'>parce,</span> <span class='ocrx_word' id='word_1_17' title='bbox 588 635 679 693; x_wconf 80' lang='lat' dir='ltr'>genus</span> <span class='ocrx_word' id='word_1_18' title='bbox 691 617 742 691; x_wconf 89' lang='lat' dir='ltr'>qui</span> <span class='ocrx_word' id='word_1_19' title='bbox 755 617 835 676; x_wconf 86' lang='lat' dir='ltr'>ducis</span> <span class='ocrx_word' id='word_1_20' title='bbox 849 619 989 698; x_wconf 71' lang='lat' dir='ltr'>Olympo,</span> 
     </span>
     <span class='ocr_line' id='line_1_4' title="bbox 205 717 732 796; baseline -0.002 -19"><span class='ocrx_word' id='word_1_21' title='bbox 205 717 315 795; x_wconf 81' lang='lat' dir='ltr'>Projice</span> <span class='ocrx_word' id='word_1_22' title='bbox 328 720 385 776; x_wconf 90' lang='lat' dir='ltr'>tela</span> <span class='ocrx_word' id='word_1_23' title='bbox 397 737 497 787; x_wconf 88' lang='lat' dir='ltr'>manu,</span> <span class='ocrx_word' id='word_1_24' title='bbox 515 719 631 796; x_wconf 80' lang='lat' dir='ltr'>sanguis</span> <span class='ocrx_word' id='word_1_25' title='bbox 643 737 732 776; x_wconf 86' lang='lat' dir='ltr'>meus.</span> 
     </span>
     <span class='ocr_line' id='line_1_5' title="bbox 245 822 918 898; baseline 0.003 -18"><span class='ocrx_word' id='word_1_26' title='bbox 245 823 301 880; x_wconf 86' lang='lat' dir='ltr'>Ille</span> <span class='ocrx_word' id='word_1_27' title='bbox 313 822 489 898; x_wconf 71' lang='lat' dir='ltr'>triumphata</span> <span class='ocrx_word' id='word_1_28' title='bbox 501 822 645 898; x_wconf 80' lang='lat' dir='ltr'>Capitolia</span> <span class='ocrx_word' id='word_1_29' title='bbox 657 823 694 880; x_wconf 89' lang='lat' dir='ltr'>ad</span> <span class='ocrx_word' id='word_1_30' title='bbox 707 823 764 880; x_wconf 83' lang='lat' dir='ltr'>alta</span> <span class='ocrx_word' id='word_1_31' title='bbox 777 823 918 882; x_wconf 87' lang='lat' dir='ltr'>Corintho</span> 
     </span>
     <span class='ocr_line' id='line_1_6' title="bbox 208 923 896 1001; baseline 0.003 -18"><span class='ocrx_word' id='word_1_32' title='bbox 208 927 311 984; x_wconf 65' lang='lat' dir='ltr'>Vilior</span> <span class='ocrx_word' id='word_1_33' title='bbox 322 935 390 1001; x_wconf 80' lang='lat' dir='ltr'>aget</span> <span class='ocrx_word' id='word_1_34' title='bbox 402 943 527 992; x_wconf 89' lang='lat' dir='ltr'>eurmm,</span> <span class='ocrx_word' id='word_1_35' title='bbox 547 925 623 982; x_wconf 77' lang='lat' dir='ltr'>orasis</span> <span class='ocrx_word' id='word_1_36' title='bbox 636 923 754 1001; x_wconf 82' lang='lat' dir='ltr'>infignis</span> <span class='ocrx_word' id='word_1_37' title='bbox 767 926 896 986; x_wconf 83' lang='lat' dir='ltr'>Achivis.</span> 
     </span>
     <span class='ocr_line' id='line_1_7' title="bbox 207 1027 961 1106; baseline 0.004 -20"><span class='ocrx_word' id='word_1_38' title='bbox 207 1031 299 1086; x_wconf 86' lang='lat' dir='ltr'><strong>Eruet</strong></span> <span class='ocrx_word' id='word_1_39' title='bbox 313 1029 363 1085; x_wconf 90' lang='lat' dir='ltr'>ille</span> <span class='ocrx_word' id='word_1_40' title='bbox 376 1031 479 1104; x_wconf 87' lang='lat' dir='ltr'>Argos,</span> <span class='ocrx_word' id='word_1_41' title='bbox 499 1027 800 1104; x_wconf 82' lang='lat' dir='ltr'>Agamemnoniasque</span> <span class='ocrx_word' id='word_1_42' title='bbox 813 1029 961 1106; x_wconf 87' lang='lat' dir='ltr'><strong>Mycenas,</strong></span> 
     </span>
     <span class='ocr_line' id='line_1_8' title="bbox 207 1130 989 1210; baseline 0.008 -22"><span class='ocrx_word' id='word_1_43' title='bbox 207 1132 365 1208; x_wconf 81' lang='lat' dir='ltr'>Ipsumque</span> <span class='ocrx_word' id='word_1_44' title='bbox 377 1132 529 1200; x_wconf 87' lang='lat' dir='ltr'>AEaciden‚</span> <span class='ocrx_word' id='word_1_45' title='bbox 550 1149 642 1206; x_wconf 83' lang='lat' dir='ltr'>genus</span> <span class='ocrx_word' id='word_1_46' title='bbox 659 1130 853 1206; x_wconf 82' lang='lat' dir='ltr'>armipotentis</span> <span class='ocrx_word' id='word_1_47' title='bbox 865 1135 989 1210; x_wconf 86' lang='lat' dir='ltr'>Achilli;</span> 
     </span>
     <span class='ocr_line' id='line_1_9' title="bbox 206 1233 974 1310; baseline 0.007 -18"><span class='ocrx_word' id='word_1_48' title='bbox 206 1236 296 1292; x_wconf 90' lang='lat' dir='ltr'>Ultus</span> <span class='ocrx_word' id='word_1_49' title='bbox 312 1254 379 1292; x_wconf 90' lang='lat' dir='ltr'>avos</span> <span class='ocrx_word' id='word_1_50' title='bbox 389 1234 492 1310; x_wconf 86' lang='lat' dir='ltr'>Trojae,</span> <span class='ocrx_word' id='word_1_51' title='bbox 513 1233 620 1309; x_wconf 89' lang='lat' dir='ltr'>templa</span> <span class='ocrx_word' id='word_1_52' title='bbox 632 1244 662 1290; x_wconf 89' lang='lat' dir='ltr'>et</span> <span class='ocrx_word' id='word_1_53' title='bbox 675 1242 811 1292; x_wconf 86' lang='lat' dir='ltr'>temerata</span> <span class='ocrx_word' id='word_1_54' title='bbox 824 1236 974 1298; x_wconf 79' lang='lat' dir='ltr'>Minervae.</span> 
     </span>
     <span class='ocr_line' id='line_1_10' title="bbox 249 1335 1004 1413; baseline 0.007 -18"><span class='ocrx_word' id='word_1_55' title='bbox 249 1337 327 1395; x_wconf 73' lang='lat' dir='ltr'>ouis</span> <span class='ocrx_word' id='word_1_56' title='bbox 346 1346 385 1406; x_wconf 90' lang='lat' dir='ltr'>te,</span> <span class='ocrx_word' id='word_1_57' title='bbox 404 1355 510 1412; x_wconf 82' lang='lat' dir='ltr'>magne</span> <span class='ocrx_word' id='word_1_58' title='bbox 530 1338 613 1406; x_wconf 88' lang='lat' dir='ltr'>Cato,</span> <span class='ocrx_word' id='word_1_59' title='bbox 635 1335 764 1408; x_wconf 85' lang='lat' dir='ltr'>tacitum,</span> <span class='ocrx_word' id='word_1_60' title='bbox 784 1347 835 1396; x_wconf 89' lang='lat' dir='ltr'>aut</span> <span class='ocrx_word' id='word_1_61' title='bbox 855 1350 893 1409; x_wconf 91' lang='lat' dir='ltr'>te,</span> <span class='ocrx_word' id='word_1_62' title='bbox 912 1341 1004 1413; x_wconf 83' lang='lat' dir='ltr'>Coffe,</span> 
     </span>
     <span class='ocr_line' id='line_1_11' title="bbox 326 1440 487 1515; baseline 0 -19"><span class='ocrx_word' id='word_1_63' title='bbox 326 1440 487 1515; x_wconf 86' lang='lat' dir='ltr'>relinquat?</span> 
     </span>
     <span class='ocr_line' id='line_1_12' title="bbox 212 1543 1004 1618; baseline 0.008 -18"><span class='ocrx_word' id='word_1_64' title='bbox 212 1543 287 1601; x_wconf 78' lang='lat' dir='ltr'>Quis</span> <span class='ocrx_word' id='word_1_65' title='bbox 306 1543 431 1600; x_wconf 84' lang='lat' dir='ltr'>Gracchi</span> <span class='ocrx_word' id='word_1_66' title='bbox 453 1561 553 1618; x_wconf 85' lang='lat' dir='ltr'>genus,</span> <span class='ocrx_word' id='word_1_67' title='bbox 573 1551 623 1599; x_wconf 91' lang='lat' dir='ltr'>aut</span> <span class='ocrx_word' id='word_1_68' title='bbox 644 1543 782 1618; x_wconf 84' lang='lat' dir='ltr'>geminos,</span> <span class='ocrx_word' id='word_1_69' title='bbox 801 1545 860 1602; x_wconf 94' lang='lat' dir='ltr'>duo</span> <span class='ocrx_word' id='word_1_70' title='bbox 881 1546 1004 1606; x_wconf 84' lang='lat' dir='ltr'>fulmina</span> 
     </span>
     <span class='ocr_line' id='line_1_13' title="bbox 328 1645 406 1714; baseline -0.013 -12"><span class='ocrx_word' id='word_1_71' title='bbox 328 1645 406 1714; x_wconf 89' lang='lat' dir='ltr'>belli,</span> 
     </span>
     <span class='ocr_line' id='line_1_14' title="bbox 211 1748 944 1826; baseline 0.005 -20"><span class='ocrx_word' id='word_1_72' title='bbox 211 1748 365 1826; x_wconf 85' lang='lat' dir='ltr'>Scipiadas,</span> <span class='ocrx_word' id='word_1_73' title='bbox 384 1748 495 1806; x_wconf 85' lang='lat' dir='ltr'>cladem</span> <span class='ocrx_word' id='word_1_74' title='bbox 506 1748 621 1823; x_wconf 75' lang='lat' dir='ltr'>Libyae,</span> <span class='ocrx_word' id='word_1_75' title='bbox 642 1767 785 1825; x_wconf 89' lang='lat' dir='ltr'>parvoque</span> <span class='ocrx_word' id='word_1_76' title='bbox 797 1759 944 1826; x_wconf 87' lang='lat' dir='ltr'>potentem</span> 
     </span>
     <span class='ocr_line' id='line_1_15' title="bbox 209 1850 919 1920; baseline 0.003 -11"><span class='ocrx_word' id='word_1_77' title='bbox 209 1851 387 1920; x_wconf 70' lang='lat' dir='ltr'>Fabricium,</span> <span class='ocrx_word' id='word_1_78' title='bbox 408 1851 454 1909; x_wconf 86' lang='lat' dir='ltr'>vel</span> <span class='ocrx_word' id='word_1_79' title='bbox 467 1860 497 1906; x_wconf 91' lang='lat' dir='ltr'>te</span> <span class='ocrx_word' id='word_1_80' title='bbox 510 1851 597 1919; x_wconf 82' lang='lat' dir='ltr'>frdco,</span> <span class='ocrx_word' id='word_1_81' title='bbox 617 1852 742 1918; x_wconf 89' lang='lat' dir='ltr'>Serrane,</span> <span class='ocrx_word' id='word_1_82' title='bbox 762 1850 919 1916; x_wconf 76' lang='lat' dir='ltr'>serentem?</span> 
     </span>
     <span class='ocr_line' id='line_1_16' title="bbox 213 1953 966 2030; baseline 0.001 -17"><span class='ocrx_word' id='word_1_83' title='bbox 213 1956 281 2013; x_wconf 80' lang='lat' dir='ltr'>Quo</span> <span class='ocrx_word' id='word_1_84' title='bbox 294 1953 397 2012; x_wconf 74' lang='lat' dir='ltr'>fessum</span> <span class='ocrx_word' id='word_1_85' title='bbox 408 1954 518 2030; x_wconf 85' lang='lat' dir='ltr'>rapitis,</span> <span class='ocrx_word' id='word_1_86' title='bbox 536 1954 636 2012; x_wconf 83' lang='lat' dir='ltr'>Fabii?</span> <span class='ocrx_word' id='word_1_87' title='bbox 658 1966 691 2011; x_wconf 93' lang='lat' dir='ltr'>tu</span> <span class='ocrx_word' id='word_1_88' title='bbox 703 1954 850 2012; x_wconf 82' lang='lat' dir='ltr'>Maximus</span> <span class='ocrx_word' id='word_1_89' title='bbox 864 1955 915 2013; x_wconf 90' lang='lat' dir='ltr'>ille</span> <span class='ocrx_word' id='word_1_90' title='bbox 927 1976 966 2025; x_wconf 90' lang='lat' dir='ltr'>es,</span> 
     </span>
     <span class='ocr_line' id='line_1_17' title="bbox 211 2056 839 2133; baseline -0.003 -19"><span class='ocrx_word' id='word_1_91' title='bbox 211 2057 295 2115; x_wconf 86' lang='lat' dir='ltr'>Unus</span> <span class='ocrx_word' id='word_1_92' title='bbox 305 2057 357 2133; x_wconf 92' lang='lat' dir='ltr'>qui</span> <span class='ocrx_word' id='word_1_93' title='bbox 369 2058 451 2115; x_wconf 88' lang='lat' dir='ltr'>nobis</span> <span class='ocrx_word' id='word_1_94' title='bbox 463 2058 624 2115; x_wconf 64' lang='lat' dir='ltr'>enodando</span> <span class='ocrx_word' id='word_1_95' title='bbox 636 2056 757 2115; x_wconf 84' lang='lat' dir='ltr'>restituis</span> <span class='ocrx_word' id='word_1_96' title='bbox 769 2076 839 2113; x_wconf 89' lang='lat' dir='ltr'>rem.</span> 
     </span>
     <span class='ocr_line' id='line_1_18' title="bbox 211 2160 776 2237; baseline 0 -20"><span class='ocrx_word' id='word_1_97' title='bbox 211 2160 363 2218; x_wconf 86' lang='lat' dir='ltr'>Excudent</span> <span class='ocrx_word' id='word_1_98' title='bbox 375 2160 425 2217; x_wconf 90' lang='lat' dir='ltr'>alii</span> <span class='ocrx_word' id='word_1_99' title='bbox 438 2160 573 2237; x_wconf 84' lang='lat' dir='ltr'>spirantia</span> <span class='ocrx_word' id='word_1_100' title='bbox 586 2160 700 2218; x_wconf 90' lang='lat' dir='ltr'>mollius</span> <span class='ocrx_word' id='word_1_101' title='bbox 712 2179 776 2227; x_wconf 85' lang='lat' dir='ltr'>aera,</span> 
     </span>
     <span class='ocr_line' id='line_1_19' title="bbox 212 2262 1003 2340; baseline 0.009 -20"><span class='ocrx_word' id='word_1_102' title='bbox 212 2262 304 2321; x_wconf 86' lang='lat' dir='ltr'>Credo</span> <span class='ocrx_word' id='word_1_103' title='bbox 317 2263 452 2338; x_wconf 86' lang='lat' dir='ltr'>equidem</span> <span class='ocrx_word' id='word_1_104' title='bbox 456 2289 465 2333; x_wconf 84' lang='lat'>;</span> <span class='ocrx_word' id='word_1_105' title='bbox 486 2265 564 2322; x_wconf 83' lang='lat' dir='ltr'>vivos</span> <span class='ocrx_word' id='word_1_106' title='bbox 576 2265 683 2321; x_wconf 88' lang='lat' dir='ltr'>ducent</span> <span class='ocrx_word' id='word_1_107' title='bbox 695 2266 731 2321; x_wconf 85' lang='lat' dir='ltr'>de</span> <span class='ocrx_word' id='word_1_108' title='bbox 743 2282 884 2323; x_wconf 88' lang='lat' dir='ltr'>marmore</span> <span class='ocrx_word' id='word_1_109' title='bbox 896 2266 1003 2340; x_wconf 65' lang='lat' dir='ltr'>volmar</span> 
     </span>
     <span class='ocr_line' id='line_1_20' title="bbox 210 2365 849 2443; baseline 0.005 -20"><span class='ocrx_word' id='word_1_110' title='bbox 210 2365 344 2437; x_wconf 77' lang='lat' dir='ltr'>Orabuut</span> <span class='ocrx_word' id='word_1_111' title='bbox 356 2366 463 2424; x_wconf 81' lang='lat' dir='ltr'>caussas</span> <span class='ocrx_word' id='word_1_112' title='bbox 474 2367 587 2437; x_wconf 88' lang='lat' dir='ltr'>melius,</span> <span class='ocrx_word' id='word_1_113' title='bbox 606 2367 727 2443; x_wconf 81' lang='lat' dir='ltr'>caelique</span> <span class='ocrx_word' id='word_1_114' title='bbox 737 2377 849 2427; x_wconf 87' lang='lat' dir='ltr'>meatus</span> 
     </span>
     <span class='ocr_line' id='line_1_21' title="bbox 209 2469 911 2545; baseline 0.007 -20"><span class='ocrx_word' id='word_1_115' title='bbox 209 2469 379 2527; x_wconf 88' lang='lat' dir='ltr'>Describent</span> <span class='ocrx_word' id='word_1_116' title='bbox 390 2470 480 2539; x_wconf 90' lang='lat' dir='ltr'>radio,</span> <span class='ocrx_word' id='word_1_117' title='bbox 498 2480 529 2526; x_wconf 91' lang='lat' dir='ltr'>et</span> <span class='ocrx_word' id='word_1_118' title='bbox 541 2469 685 2545; x_wconf 87' lang='lat' dir='ltr'>surgentia</span> <span class='ocrx_word' id='word_1_119' title='bbox 699 2469 787 2528; x_wconf 89' lang='lat' dir='ltr'>fidera</span> <span class='ocrx_word' id='word_1_120' title='bbox 799 2470 911 2530; x_wconf 87' lang='lat' dir='ltr'>dicent:</span> 
     </span>
     <span class='ocr_line' id='line_1_22' title="bbox 209 2572 980 2649; baseline 0.001 -18"><span class='ocrx_word' id='word_1_121' title='bbox 209 2573 255 2631; x_wconf 87' lang='lat' dir='ltr'>Tu</span> <span class='ocrx_word' id='word_1_122' title='bbox 267 2592 367 2649; x_wconf 87' lang='lat' dir='ltr'>regere</span> <span class='ocrx_word' id='word_1_123' title='bbox 378 2572 500 2649; x_wconf 88' lang='lat' dir='ltr'>imperio</span> <span class='ocrx_word' id='word_1_124' title='bbox 512 2573 642 2648; x_wconf 92' lang='lat' dir='ltr'>populos,</span> <span class='ocrx_word' id='word_1_125' title='bbox 663 2574 800 2643; x_wconf 84' lang='lat' dir='ltr'>Romane,</span> <span class='ocrx_word' id='word_1_126' title='bbox 821 2584 980 2633; x_wconf 89' lang='lat' dir='ltr'>memento:</span> 
     </span>
    </p>
   </div>
   <div class='ocr_carea' id='block_1_3' title="bbox 77 2670 1030 2759">
    <p class='ocr_par' dir='ltr' id='par_1_3' title="bbox 77 2670 1030 2759">
     <span class='ocr_line' id='line_1_23' title="bbox 77 2670 1030 2759; baseline -0.004 -22"><span class='ocrx_word' id='word_1_127' title='bbox 77 2729 95 2759; x_wconf 83' lang='lat'>·.</span> <span class='ocrx_word' id='word_1_128' title='bbox 209 2675 264 2733; x_wconf 86' lang='lat' dir='ltr'>Hae</span> <span class='ocrx_word' id='word_1_129' title='bbox 278 2670 332 2732; x_wconf 89' lang='lat' dir='ltr'>tibi</span> <span class='ocrx_word' id='word_1_130' title='bbox 345 2684 430 2732; x_wconf 89' lang='lat' dir='ltr'>erunt</span> <span class='ocrx_word' id='word_1_131' title='bbox 442 2685 529 2745; x_wconf 62' lang='lat' dir='ltr'>artem</span> <span class='ocrx_word' id='word_1_132' title='bbox 550 2675 686 2751; x_wconf 84' lang='lat' dir='ltr'>pacisque</span> <span class='ocrx_word' id='word_1_133' title='bbox 698 2675 833 2753; x_wconf 88' lang='lat' dir='ltr'>inponere</span> <span class='ocrx_word' id='word_1_134' title='bbox 846 2696 965 2745; x_wconf 89' lang='lat' dir='ltr'>morem,</span> <span class='ocrx_word' id='word_1_135' title='bbox 1026 2673 1030 2679; x_wconf 84' lang='grc'><strong>’</strong></span> 
     </span>
    </p>
   </div>
   <div class='ocr_carea' id='block_1_4' title="bbox 206 2776 1040 3366">
    <p class='ocr_par' dir='ltr' id='par_1_4' title="bbox 207 2776 1040 3060">
     <span class='ocr_line' id='line_1_24' title="bbox 209 2776 838 2854; baseline 0 -19"><span class='ocrx_word' id='word_1_136' title='bbox 209 2778 326 2835; x_wconf 86' lang='lat' dir='ltr'>Parcere</span> <span class='ocrx_word' id='word_1_137' title='bbox 339 2776 478 2853; x_wconf 78' lang='lat' dir='ltr'>subjeetis,</span> <span class='ocrx_word' id='word_1_138' title='bbox 498 2788 529 2835; x_wconf 89' lang='lat' dir='ltr'>et</span> <span class='ocrx_word' id='word_1_139' title='bbox 541 2779 682 2837; x_wconf 86' lang='lat' dir='ltr'>debellare</span> <span class='ocrx_word' id='word_1_140' title='bbox 694 2777 838 2854; x_wconf 88' lang='lat' dir='ltr'>superbos.</span> 
     </span>
     <span class='ocr_line' id='line_1_25' title="bbox 246 2874 1000 2957; baseline -0.007 -18"><span class='ocrx_word' id='word_1_141' title='bbox 246 2882 293 2939; x_wconf 88' lang='lat' dir='ltr'>Sic</span> <span class='ocrx_word' id='word_1_142' title='bbox 303 2889 384 2957; x_wconf 86' lang='lat' dir='ltr'>pater</span> <span class='ocrx_word' id='word_1_143' title='bbox 391 2881 541 2949; x_wconf 84' lang='lat' dir='ltr'>Anchises,</span> <span class='ocrx_word' id='word_1_144' title='bbox 554 2892 641 2957; x_wconf 91' lang='lat' dir='ltr'>atque</span> <span class='ocrx_word' id='word_1_145' title='bbox 652 2881 713 2937; x_wconf 82' lang='lat' dir='ltr'>haee</span> <span class='ocrx_word' id='word_1_146' title='bbox 726 2880 896 2937; x_wconf 85' lang='lat' dir='ltr'>mirantibus</span> <span class='ocrx_word' id='word_1_147' title='bbox 906 2874 1000 2935; x_wconf 81' lang='lat' dir='ltr'>addis:</span> 
     </span>
     <span class='ocr_line' id='line_1_26' title="bbox 207 2970 1040 3060; baseline -0.008 -17"><span class='ocrx_word' id='word_1_148' title='bbox 207 2984 343 3060; x_wconf 84' lang='lat' dir='ltr'>Adspice,</span> <span class='ocrx_word' id='word_1_149' title='bbox 362 2994 396 3040; x_wconf 94' lang='lat' dir='ltr'>ut</span> <span class='ocrx_word' id='word_1_150' title='bbox 406 2984 527 3059; x_wconf 84' lang='lat' dir='ltr'>infignis</span> <span class='ocrx_word' id='word_1_151' title='bbox 539 2983 635 3059; x_wconf 87' lang='lat' dir='ltr'>spoliis</span> <span class='ocrx_word' id='word_1_152' title='bbox 648 2983 803 3041; x_wconf 87' lang='lat' dir='ltr'>Marcellus</span> <span class='ocrx_word' id='word_1_153' title='bbox 816 2979 918 3057; x_wconf 87' lang='lat' dir='ltr'>opimis</span> <span class='ocrx_word' id='word_1_154' title='bbox 1037 2970 1040 2977; x_wconf 51' lang='lat'><strong>¹</strong></span> 
     </span>
    </p>

    <p class='ocr_par' dir='ltr' id='par_1_5' title="bbox 206 3081 1001 3366">
     <span class='ocr_line' id='line_1_27' title="bbox 206 3081 960 3165; baseline -0.004 -21"><span class='ocrx_word' id='word_1_155' title='bbox 206 3087 381 3165; x_wconf 77' lang='lat' dir='ltr'>Ingreditur,</span> <span class='ocrx_word' id='word_1_156' title='bbox 400 3086 547 3161; x_wconf 65' lang='lat' dir='ltr'>viliorque</span> <span class='ocrx_word' id='word_1_157' title='bbox 560 3087 636 3145; x_wconf 86' lang='lat' dir='ltr'>viros</span> <span class='ocrx_word' id='word_1_158' title='bbox 648 3084 838 3161; x_wconf 89' lang='lat' dir='ltr'>supereminet</span> <span class='ocrx_word' id='word_1_159' title='bbox 850 3081 960 3141; x_wconf 88' lang='lat' dir='ltr'>omnisl</span> 
     </span>
     <span class='ocr_line' id='line_1_28' title="bbox 206 3186 945 3263; baseline -0.004 -15"><span class='ocrx_word' id='word_1_160' title='bbox 206 3191 267 3248; x_wconf 87' lang='lat' dir='ltr'>Hie</span> <span class='ocrx_word' id='word_1_161' title='bbox 280 3208 341 3246; x_wconf 87' lang='lat' dir='ltr'>rem</span> <span class='ocrx_word' id='word_1_162' title='bbox 355 3190 523 3257; x_wconf 83' lang='lat' dir='ltr'>Romanam,</span> <span class='ocrx_word' id='word_1_163' title='bbox 542 3206 648 3263; x_wconf 78' lang='lat' dir='ltr'>magno</span> <span class='ocrx_word' id='word_1_164' title='bbox 661 3190 794 3245; x_wconf 85' lang='lat' dir='ltr'>turbante</span> <span class='ocrx_word' id='word_1_165' title='bbox 808 3186 945 3259; x_wconf 86' lang='lat' dir='ltr'>tumultu,</span> 
     </span>
     <span class='ocr_line' id='line_1_29' title="bbox 207 3290 1001 3366; baseline 0.004 -16"><span class='ocrx_word' id='word_1_166' title='bbox 207 3293 306 3362; x_wconf 68' lang='lat' dir='ltr'>sistet,</span> <span class='ocrx_word' id='word_1_167' title='bbox 327 3310 414 3366; x_wconf 88' lang='lat' dir='ltr'>eques</span> <span class='ocrx_word' id='word_1_168' title='bbox 427 3292 531 3349; x_wconf 87' lang='lat' dir='ltr'>sternet</span> <span class='ocrx_word' id='word_1_169' title='bbox 543 3293 652 3361; x_wconf 78' lang='lat' dir='ltr'>Poenoa,</span> <span class='ocrx_word' id='word_1_170' title='bbox 671 3290 845 3365; x_wconf 87' lang='lat' dir='ltr'>Gallumque</span> <span class='ocrx_word' id='word_1_171' title='bbox 856 3292 1001 3361; x_wconf 84' lang='lat' dir='ltr'>rebellem,</span> 
     </span>
    </p>
   </div>
   <div class='ocr_carea' id='block_1_5' title="bbox 0 0 1260 3875">
    <p class='ocr_par' dir='ltr' id='par_1_6' title="bbox 0 0 1260 3875">
     <span class='ocr_line' id='line_1_30' title="bbox 0 0 1260 3875; baseline 0 3"><span class='ocrx_word' id='word_1_172' title='bbox 0 0 1260 3875; x_wconf 95' lang='lat' dir='ltr'> </span> 
     </span>
    </p>
   </div>
  </div>
 </body>
</html>
