2509 3875
512 303 720 353 NOTULAE.

243 444 347 494 Proximis
357 449 445 495 veniens
455 446 527 494 versus
537 444 629 493 omnino
644 448 787 510 supervimus
796 444 893 503 advenit,
903 454 925 491 et
934 445 1009 493 certis·

212 532 265 581 suni
274 536 408 583 adulterinus
417 536 456 582 est.
866 588 870 595 ,

244 623 301 670 Ver.
307 636 363 683 223.
379 620 413 670 Iti
420 620 489 671 etism
496 624 562 671 codex
573 624 706 690 Geli-Jesu3
719 621 847 686 etimnemd
856 624 925 685 placet
934 622 1009 669 leriio.

244 712 298 758 Ver.
310 710 367 773 246.
390 712 469 773 Neque
478 712 572 771 agnoscit
581 714 683 774 copulam
694 713 753 759 idem
763 712 818 759 liber
827 712 881 759 MS.

244 800 298 845 Ver.
316 812 329 859 5
333 811 370 861 54.
396 799 547 861 Interpunslio
565 800 664 863 priorum
678 801 789 847 editorum
807 815 853 846 non
869 809 915 846 erat
935 796 1009 844 sorsin

213 887 303 948 Heynio
319 886 456 945 solicitanda3
473 896 496 933 et
511 902 610 935 revenere
623 887 700 934 voluis
720 888 827 945 consulo,
842 888 860 934 si
873 898 944 943 vsoet,
958 904 1010 954 ‘1¹32

212 973 282 1036 nupbr
291 975 425 1022 contulimus
439 977 462 1022 in
471 976 581 1039 Euripidis
591 977 641 1022 lon.
653 991 699 1022 ver.
716 990 786 1040 ¹⁰¹5·
803 987 827 1022 er
835 991 946 1038 computes
954 972 1022 1024 cum'

213 1064 243 1111 ibi
256 1062 321 1110 distis
336 1063 428 1111 Homeri
444 1064 473 1111 ll.
484 1073 511 1112 Θ.
529 1063 582 1125 387.
610 1062 728 1122 Ovidium,
744 1074 798 1112 met.
812 1064 836 1111 ii,
853 1077 909 1125 754.
936 1066 1008 1112 Clau-

214 1152 315 1208 dianum,
325 1152 349 1199 in
358 1164 444 1211 4cons.
454 1152 540 1199 Honor.
550 1166 596 1198 ver.
605 1150 658 1211 ι64.
678 1152 727 1199 Nee
737 1150 812 1199 nmen
823 1152 872 1199 setis
880 1154 1010 1211 eouilzntes,

212 1250 238 1286 ut
250 1254 327 1287 verum
336 1240 435 1301 eloquar,
451 1239 475 1285 in
485 1239 525 1287 hac
536 1254 558 1285 re
572 1237 634 1285 luisse
643 1238 744 1286 videntur
752 1252 842 1288 veteres.

244 1328 298 1375 Ver.
310 1328 367 1387 456.
390 1326 485 1373 Humile
497 1326 528 1373 est
541 1326 666 1385 vulgatum,
685 1338 708 1373 et
723 1343 776 1374 mox
791 1327 917 1376 fatebuntur
930 1329 1010 1377 erudiri

212 1414 342 1461 indubitatas
352 1414 392 1460 esse
402 1413 560 1461 emendationes
570 1413 659 1469 nossras,
669 1430 722 1476 quas
731 1431 800 1478 nuper
805 1416 905 1464 dedimus
914 1418 938 1464 in
947 1413 1009 1465 silvi

214 1498 305 1560 enrici,
321 1502 372 1549 sesi.
381 1504 438 1549 ccix.

246 1594 300 1639 Ver.
310 1604 368 1652 457.
394 1592 523 1651 Consurgit:
542 1591 557 1636 i.
568 1606 588 1637 e.
605 1592 689 1651 ‘surgit
698 1595 769 1651 cum‚’
784 1594 909 1641 volucribus
922 1596 1009 1657 utique.

246 1682 300 1728 Ver.
310 1680 367 1740 461.
387 1680 434 1726 En!
452 1680 491 1727 tibi
501 1681 568 1727 allam
578 1695 605 1726 ex
614 1677 739 1739 cmjesluri
755 1682 919 1728 indubitabilem
933 1700 1011 1731 emen·

213 1770 340 1825 dationem
357 1785 425 1831 quam
435 1770 493 1815 serus
508 1769 605 1816 intellexi
619 1769 677 1815 mihi
691 1768 853 1817 Marklandum
867 1772 1008 1834 praeripuisse.

213 1857 285 1923 Supri
295 1874 341 1907 ver.
355 1858 408 1920 366.

310 1980 435 1996 ......
452 1949 566 2008 ‘angusti’
577 1948 649 1998 subter
659 1948 740 2010 [astigis
751 1950 834 2018 ‘teslif

342 2040 457 2099 Ingentem
468 2037 555 2084 AEnean
564 2036 637 2122 ‘³¹¹¹i‘r'

246 2135 300 2183 Ver.
309 2146 368 2194 474.
395 2133 431 2179 Sic
445 2129 602 2187 divinaverum,
617 2138 640 2175 et
655 2129 718 2175 lubet
731 2126 744 2174 d
755 2127 846 2177 secundi
859 2144 927 2176 manu
942 2131 1011 2180 codex

214 2224 334 2276 Mediceus.
366 2222 442 2269 Lesiio
451 2222 481 2268 esi
492 2220 559 2267 nobili
569 2221 617 2265 loeo
626 2219 697 2278 digne.
729 2218 785 2264 AEn.
794 2220 825 2265 ix.
842 2230 898 2280 709.

344 2341 471 2359 ......
486 2318 508 2356 er
517 2308 613 2372 clipeum
624 2307 687 2370 super
698 2306 809 2354 ‘intonat'
822 2306 912 2367 ingensz

210 2411 235 2448 et
246 2400 285 2448 xii¹
301 2413 357 2459 700.

344 2519 469 2537 ......
484 2488 659 2549 horrendumque
669 2492 677 2518 ‘
686 2485 771 2532 intonat
779 2486 864 2533 armis'

214 2579 319 2627 conseras
329 2579 385 2626 AEn.
396 2595 419 2626 x.
432 2578 486 2639 809.
520 2577 609 2624 Multus
619 2576 650 2622 est
661 2575 685 2621 in
695 2576 735 2622 bac
745 2574 832 2622 sublimi
843 2571 912 2634 figuti
923 2577 1010 2634 Florus,

214 2679 280 2730 arque
291 2669 329 2716 alii
341 2669 451 2730 scriptores
462 2668 484 2714 in
495 2665 654 2721 venustissimis,
671 2681 725 2726 quos
734 2666 825 2723 longum
835 2664 887 2710 esset
898 2665 924 2710 sd
940 2675 1010 2726 portes

214 2772 298 2804 vocare.
316 2757 365 2826 ‘Sed
381 2767 404 2804 et
419 2756 525 2803 nonnulla
541 2755 641 2817 exempla
657 2752 778 2818 pnsliterit
790 2751 893 2808 sttulill'e,
909 2761 934 2798 ut
943 2754 1008 2799 evin·

213 2861 264 2894 cam
274 2846 402 2907 scrupulum
412 2845 505 2892 lesionis
539 2844 615 2896 Silius,
631 2843 663 2888 iv.
678 2853 737 2902 254.

342 2934 430 2981 Invadit
439 2934 542 2990 Tarium,
558 2933 632 2980 vicino
640 2931 736 2987 consule,
751 2944 833 2991 pugnus

343 3021 484 3080 Misoenrem,
500 3021 602 3084 saevisque
611 3020 688 3066 virum
697 3025 705 3050 ‘
713 3018 860 3065 circumtonat
870 3019 954 3066 armis?

183 3087 187 3099 .
215 3108 278 3164 idem
289 3111 336 3159 sili.
355 3123 394 3158 so·

344 3231 545 3251 .........
560 3197 657 3245 mocon:
666 3197 697 3245 est
707 3195 795 3245 Daunia
803 3195 869 3242 relius

341 3291 485 3337 ‘Armorum
495 3288 577 3336 tonitru
582 3288 598 3334 ι’
