2509 3875
249 310 304 365 188
504 306 779 379 AENEIDOS,
935 313 1044 378 v.703.

244 458 321 517 Tum
335 457 441 529 Bitian,
460 463 609 521 ardentem
626 463 725 533 oeulis,
744 461 905 538 animisque
917 462 1045 521 fremen-

323 570 396 631 tem,

245 661 315 720 Non
324 660 428 739 jaculo,
449 682 542 741 neque
554 667 635 725 enim
642 666 740 743 jaculo
750 666 841 725 vitam
852 665 904 723 ille
913 665 1043 738 dediffet,

246 764 309 832 Sed,
328 784 466 841 magnum
479 768 605 836 stridens,
624 778 754 826 contorta
765 768 908 845 phalarica
921 769 1013 838 venit,

245 866 384 925 Fulminis
397 869 458 927 adia
471 870 568 927 modo:
591 890 678 945 quam
694 889 749 927 nec
766 871 824 928 duo
839 879 936 929 taurea
950 880 1043 947 terga,

245 967 277 1026 N
278 986 310 1025 ec
321 968 431 1045 duplici
444 970 560 1045 squamd
573 972 661 1031 lorica
674 972 775 1041 fidelia,
794 980 825 1030 et
837 990 916 1041 auro,

245 1069 399 1128 Sustinuit:
421 1073 551 1130 conlabsa
565 1084 653 1131 ruunt
666 1074 794 1132 inmania
807 1075 944 1132 membra.

244 1170 304 1229 Dat
318 1172 401 1229 tellua
414 1172 565 1249 gemitum,
584 1184 615 1232 et
627 1174 752 1252 clipeum
771 1175 854 1253 super
869 1175 984 1235 intonat
995 1176 1043 1234 in-

322 1291 409 1349 gens:

245 1373 349 1436 Qualis
360 1375 392 1433 iu
405 1375 533 1434 Euboico
545 1376 679 1437 Baiarum
691 1376 775 1437 litore
787 1380 934 1455 quondam

245 1476 334 1533 Saxea
347 1476 405 1553 pila
418 1478 508 1549 cadit,
530 1479 643 1557 magnis
655 1499 744 1556 quam
755 1481 879 1539 molibus
891 1490 959 1539 ante

189 1632 194 1641 ,
244 1578 441 1638 Οοηίὶωᾶαιη
453 1589 543 1656 ponto
551 1580 677 1658 jaciunt3
700 1583 737 1641 fic
749 1583 799 1641 illa
812 1582 926 1641 ruinam

245 1680 335 1739 Prona
348 1680 444 1751 trahit,
464 1682 634 1759 penitusque
646 1684 724 1741 vadis
736 1684 819 1742 inlisa
831 1684 988 1757 recumbit;

245 1780 370 1840 Miscent
382 1782 411 1841 se
424 1784 523 1854 maria,
542 1794 572 1843 et
585 1784 677 1862 nigrae'
689 1786 867 1844 adtolluntur
879 1805 986 1844 arenae:

243 1884 321 1944 Turn
332 1884 428 1946 sonitu
438 1887 577 1965 Prochyta
587 1887 645 1946 alta
654 1887 760 1959 tremit,
771 1889 932 1965 durumque
944 1889 1043 1951 cubile

244 1987 367 2046 Inarime
379 1989 458 2067 Jovis
471 1989 598 2067 imperiis
611 1990 718 2067 inposta
730 1990 881 2067 Typhodo.

282 2091 342 2149 Hic
352 2091 431 2149 Mars
444 2091 617 2169 armipotens
631 2091 760 2150 animum
773 2091 903 2167 viresque
916 2091 1029 2155 Latinis

243 2191 377 2261 Addidit,
397 2201 426 2249 et
440 2193 564 2251 stimulos
577 2193 637 2252 acri
649 2193 702 2251 sub
715 2193 828 2268 pectore
840 2193 924 2251 vertit
931 2219 940 2265 ς

243 2291 410 2366 Inmifitque
425 2294 534 2370 Fugam
543 2295 671 2363 Teucris,
691 2304 843 2371 atrumque
851 2297 1009 2356 Timorem.

243 2393 382 2468 Undique
394 2395 578 2465 conveniunt,
597 2396 735 2471 quoniam
748 2398 814 2456 data
829 2397 910 2474 copia
924 2418 1040 2477 pugnae,

242 2495 422 2570 Bellatorque
435 2495 545 2554 animos
558 2497 627 2554 deus
640 2497 752 2556 incidit.

242 2597 394 2666 Pandarus,
414 2606 448 2654 ut
460 2597 523 2656 suso
536 2617 705 2675 gentianum
716 2619 832 2677 corpore
844 2602 946 2673 cernit,

242 2700 280 2757 Et
293 2717 350 2775 quo
363 2699 397 2756 srt
410 2698 525 2757 fortuna
538 2701 610 2768 loco,
631 2701 682 2777 qui
694 2702 773 2759 casua
788 2713 856 2778 agat
868 2723 921 2772 res,

242 2804 355 2860 Portam
367 2801 397 2861 vi
410 2802 508 2871 multi,
528 2802 662 2859 converso
674 2803 798 2871 cardine,
819 2814 941 2881 torquet,

242 2905 376 2964 Obnixur
388 2905 453 2964 latis
465 2905 603 2976 humeris,
625 2906 788 2983 multosque
800 2907 925 2978 suorum,

241 3009 389 3068 Moenibus
401 3008 538 3076 exclusos,
557 3008 629 3064 duro
642 3007 672 3065 in
685 3010 841 3068 certamine
852 3011 975 3088 linquit:

240 3111 293 3167 Ast
305 3111 374 3169 alios
390 3112 486 3170 secum
498 3111 631 3180 includit,
650 3111 817 3188 recipitque,
838 3114 957 3173 ruentis.

245 3213 379 3272 Demens!
395 3216 446 3290 qui
455 3216 595 3274 Rutulum
602 3215 634 3272 in
644 3216 739 3274 medlo
749 3235 806 3275 nou
815 3216 930 3294 agmine
937 3236 1036 3295 regem
