2509 3875
170 276 198 367 vi
212 307 280 367 621.
464 312 563 373 nra.
601 314 670 374 xri.
908 322 968 387 209

169 463 280 522 Quisve
292 464 351 523 ruit
365 474 461 526 tantus
474 469 581 528 diversa
595 471 703 529 clamor
716 470 752 527 ab
764 469 853 527 urbe?

167 566 216 622 Sic¹
225 566 275 636 ait,
297 569 480 647 addudtieque
493 592 589 633 amens
602 570 722 629 subfistit
735 570 870 630 habenis:
948 607 951 613 ,
1045 613 1050 617 Α

166 667 265 742 Atque
278 669 355 740 huic,
377 671 408 735 in
421 673 527 731 faciem
539 674 615 731 soror
627 683 661 731 nt
675 672 808 732 conversa
822 672 937 731 Metisci

164 770 294 845 Aurigae,
315 791 495 849 currumque,
515 786 545 833 et
557 794 654 851 equos,
674 786 704 832 et
717 775 786 842 lora,
806 776 934 851 regebat,

165 872 285 930 Talibus
297 875 529 933 occurritdictis:
553 878 626 945 Hac,
639 878 748 945 Turne,
769 875 922 951 sequamur

166 974 353 1050 Troiugenas,
372 977 429 1051 qud
445 978 537 1053 prima
550 978 626 1036 viam
639 978 758 1036 victoria
769 978 884 1054 paudit3

166 1078 238 1134 Sunt
251 1078 309 1147 alii,
330 1080 381 1155 qui
395 1081 467 1139 tedia
481 1100 568 1139 rnanu
583 1082 736 1139 defendere
748 1080 862 1156 poffint.

164 1180 279 1257 Ingruit
291 1182 400 1241 AEneas
414 1184 503 1254 Italis,
524 1194 554 1241 et
565 1184 666 1260 proelia
679 1182 780 1244 miscet
785 1207 794 1253 3

163 1283 202 1339 Et
216 1302 266 1339 nos
279 1282 350 1342 saeva
364 1304 452 1347 manu
466 1286 614 1343 mittamus
627 1286 728 1342 funera
741 1283 873 1369 Teucris:
963 1330 967 1335 .

162 1386 227 1442 Nec
241 1404 360 1443 numero
372 1387 500 1455 inferior,
520 1406 626 1463 pugnae
640 1406 693 1443 nec
706 1386 823 1452 honore,
840 1386 963 1454 recedes.

163 1488 278 1543 Turnus
291 1489 328 1543 ad
340 1489 417 1545 haec:
735 1551 738 1556 ¹

164 1588 193 1644 O
206 1587 291 1655 soror,
304 1598 334 1645 et
347 1590 465 1657 dudum,
479 1590 612 1665 adgnovi,
626 1608 694 1645 cum
707 1589 798 1663 prima
812 1608 863 1664 per
873 1601 966 1649 artem

163 1689 280 1747 Foedera
295 1691 422 1757 turbasti,
443 1701 528 1766 teque
542 1692 604 1747 haec
617 1691 648 1747 in
661 1690 737 1763 bella
750 1690 864 1761 dedisti;

162 1792 200 1847 Et
213 1809 290 1848 nunc
303 1792 497 1867 nequidquam
512 1792 587 1849 fallis
597 1793 659 1849 dea,
684 1792 739 1848 Sed
749 1791 822 1866 quis,
833 1792 963 1870 Olympo

162 1892 328 1965 Demiffam,
350 1894 548 1953 tantos·voluit
560 1894 683 1971 perferre
696 1893 824 1951 labores?

162 1997 212 2053 An
226 1995 320 2053 fratris
336 1995 431 2056 miseri
444 1998 535 2078 letum
550 2007 581 2052 ut
596 1995 711 2057 crudele
723 1995 849 2062 videreq?

162 2098 241 2154 Nam
255 2097 324 2173 quid
337 2101 407 2174 ago?
429 2109 479 2156 aut
492 2117 555 2173 quae
564 2097 625 2174 jarn
643 2097 762 2174 spondet
775 2098 900 2157 Fortuna
917 2099 962 2157 sa·

239 2200 346 2257 luterni

161 2300 231 2357 Vidi
244 2301 340 2358 oculos
353 2310 419 2359 ante
432 2300 492 2378 ipse
505 2319 592 2370 meos,
613 2319 660 2358 me
672 2319 742 2358 voce
754 2311 915 2374 vocantem,

161 2403 343 2472 Murranum,
364 2423 421 2480 quo
435 2423 492 2460 non
505 2403 617 2479 superat
631 2402 704 2460 mihi
717 2402 810 2460 carior
822 2404 902 2473 alter,

160 2505 316 2580 Oppetere;
332 2506 489 2587 ingentem,
501 2515 587 2580 atque
597 2504 710 2582 ingenti
718 2505 833 2576 volnere
841 2506 958 2575 victum.

160 2605 277 2664 Occidit
289 2607 402 2675 infelix,
423 2607 548 2670 nostrum
562 2625 598 2663 ne
614 2607 737 2664 dedecus
749 2609 842 2665 Ufens

160 2707 328 2783 Adspiceret
334 2733 342 2780 3
363 2711 468 2766 Teucri
482 2708 634 2785 potiuntur
643 2727 769 2785 corpore,
789 2719 818 2765 et
832 2709 928 2768 armis.

160 2810 332 2867 Exscindine
345 2811 453 2877 domos,
474 2811 503 2868 id
518 2813 599 2867 rebus
612 2810 707 2867 defuit
718 2829 820 2879 unum,

161 2913 320 2987 Perpetiar?
341 2913 443 2969 dextro
456 2923 509 2969 n'ec
522 2911 643 2969 Drancis
655 2912 730 2970 dicta
744 2911 891 2969 refellam?
958 2958 961 2962 .

158 3015 254 3088 Terga
267 3015 358 3070 dabo?
379 3023 409 3071 et
420 3015 554 3072 Turnum
571 3012 733 3090 fugientem
748 3013 817 3076 haec.
827 3023 901 3072 terra
913 3013 956 3078 vi·

236 3116 331 3172 debit?

158 3217 257 3292 Usque
269 3217 375 3275 adeone
384 3217 455 3280 mori
464 3215 598 3276 miserum
606 3216 663 3274 est?
677 3233 726 3275 voe
735 3236 753 3275 o
761 3215 834 3274 mihi
842 3217 956 3278 Menesi

236 3338 307 3378 vor..
323 3339 360 3378 11.
577 3337 596 3374 U
