2509 3875
236 315 276 376 64
498 317 775 393 AENEIDOS,
946 317 1034 377 ulfi.

237 468 385 531 Insuetum
398 494 450 551 per
461 475 517 534 iter
530 477 639 554 gelidae
651 479 748 537 enavit
760 478 797 535 ad
810 476 922 545 Arctos,

237 576 459 653 Chalcidicdque
472 578 541 637 levis
555 582 672 639 tandem
685 580 769 657 super
781 579 889 637 adstitit
902 596 974 635 arce.

236 677 376 737 Redditus
389 679 433 737 his
445 674 572 757 primurn
587 682 678 753 terris,
698 683 762 753 tibi,
781 661 895 751 Phoebe,
915 677 1034 737 sacravit

237 778 403 859 Remigium
415 784 535 852 alarum,
554 775 706 862 posuitque
719 784 847 843 inmania
860 783 977 859 templa.

235 883 272 939 In
285 884 394 942 foribus
407 886 504 943 letum
516 888 681 964 Androgei:
704 897 767 945 tum
779 886 904 963 pendere
916 903 1013 960 poenar

236 984 401 1063 Cecropidae
409 985 485 1063 juffi,
506 986 655 1045 miserum!
678 989 793 1066 septena
806 986 971 1063 quotannis

235 1086 362 1163 Corpora
375 1098 523 1160 natorum;
546 1090 598 1148 stat
612 1086 704 1147 ductis
717 1090 838 1149 sortibus
850 1108 936 1147 urna:

179 1239 182 1244 .
235 1190 353 1258 Contra,
373 1191 446 1249 elata
460 1192 542 1261 mari,
562 1192 714 1269 respondet
726 1192 830 1251 Gnofia
843 1192 936 1249 tellus.

234 1292 293 1350 Hic
306 1293 427 1351 crudelis
440 1294 616 1363 amorreum,
637 1294 821 1371 suppostaque
833 1294 911 1351 furto

234 1394 376 1470 Pafiphaii,
397 1395 580 1473 mixtumque
593 1412 684 1473 genus
696 1397 844 1473 prolesque
859 1394 996 1464 biformis,

234 1496 418 1555 Minotaurus
430 1497 510 1567 inest,
525 1499 645 1557 Veneris
657 1508 844 1557 monumenta
858 1498 1001 1557 nefaudaer

234 1596 293 1656 Hic
306 1598 387 1657 labor
399 1599 450 1657 ille
462 1601 572 1671 domus,
593 1610 623 1659 et
635 1601 840 1660 inextricabilis
853 1620 938 1660 error.

233 1700 378 1777 Magnum
390 1700 498 1777 reginae
511 1702 560 1759 sed
575 1702 655 1759 enim
667 1703 814 1762 miseratus
827 1721 953 1761 amorem

233 1802 378 1873 Daedaius,
398 1802 459 1881 ipse
471 1804 550 1862 dolos
564 1806 633 1863 teeti
645 1807 836 1883 ambagesque
849 1805 971 1873 resolvit,

233 1905 317 1964 Caeca
331 1924 431 1984 regens
444 1906 494 1964 filo
506 1907 634 1985 vestigia.
672 1908 720 1967 'Iu
732 1926 847 1984 quoque
859 1922 995 1983 magnum

232 2009 345 2068 Partem
357 2027 441 2086 opere
448 2009 478 2067 in
487 2019 577 2080 tanto,
589 2012 691 2068 fineret
700 2009 790 2079 dolor,
801 2011 889 2078 Icum,
900 2009 1028 2066 haberer.
1048 2006 1050 2013 '

233 2110 282 2168 Bis
295 2122 413 2169 conatus
424 2121 485 2170 erat
497 2111 577 2170 cesus
589 2113 727 2188 effingere
738 2111 770 2167 in
782 2128 865 2169 auro:

233 2212 281 2270 uis
293 2213 392 2289 patriae
405 2213 532 2271 cecidere
544 2231 654 2271 manua.
683 2211 765 2270 Quin
777 2221 912 2289 protenus
923 2227 1010 2268 omne

234 2315 414 2391 Perlegereut
425 2315 528 2386 oculis3
549 2314 580 2372 ni
588 2313 651 2391 jam
664 2313 817 2391 praemissus
829 2312 956 2370 Achates

232 2416 364 2486 Adforet‚
384 2425 471 2493 atque
483 2417 550 2486 und,
571 2416 671 2475 Phoebi
684 2416 847 2491 Triviaeque
860 2414 996 2483 sacerdos,

231 2517 384 2594 Deiphobe
397 2518 514 2590 Glauci;
536 2519 614 2578 fatur
625 2537 690 2595 quae
704 2519 772 2576 talia
785 2518 863 2595 regi:

231 2621 300 2679 Nou
314 2620 369 2701 hoc
382 2619 432 2678 ista
444 2621 495 2678 sabi
509 2630 620 2698 tempus
634 2620 792 2698 spectacula
804 2619 905 2697 poscit.

231 2723 321 2782 Nune
334 2741 422 2800 grege
435 2724 471 2780 de
483 2723 592 2780 intacto
605 2723 713 2800 septem
725 2723 849 2782 manare
858 2721 996 2800 juvencos

230 2826 401 2893 Praestiterit,
421 2825 543 2883 totidem
556 2825 652 2896 lebias,
672 2826 708 2882 de
721 2843 810 2892 more,
829 2823 963 2883 bidentis.

266 2929 388 2987 Talibus
401 2928 496 2986 adfata
509 2927 637 2995 AEnean‚
659 2931 725 3002 (nec
738 2927 814 2985 saera
826 2935 976 2985 morantur

228 3029 306 3110 Juffa
318 3031 386 3104 viri)
400 3031 526 3089 Teucros
537 3039 621 3088 vocat
634 3029 691 3088 alta
704 3029 736 3087 iu
750 3029 859 3106 templa
871 3028 1008 3087 sacerdon.

228 3133 363 3194 Excisum
376 3133 510 3191 Euboicae
523 3133 597 3190 latus
610 3132 711 3209 iugem
723 3124 801 3208 rupis
812 3131 844 3190 iu
857 3140 985 3189 anuum:

230 3235 299 3296 Quo
312 3235 362 3296 lati
374 3236 486 3296 ducunt
498 3235 592 3294 aditus
603 3233 732 3308 centum,
751 3234 821 3302 ostia
833 3242 964 3307 centumr

1165 3452 1173 3696 t
