2509 3875
192 346 226 389 v.
242 335 317 401 779.
522 330 617 387 LIB.
656 329 695 386 V.
968 335 1011 399 69

243 485 292 541 At
305 484 404 541 Venus
416 482 524 543 Interea
536 486 720 561 Neptunum,
738 484 863 541 exercita
875 482 961 552 curia,

198 586 389 661 Adloquitur
392 611 403 658 i
425 586 545 662 talisque
556 587 681 645 effundit
691 587 805 663 pedore
816 586 942 662 questus:

199 688 333 765 Junonis
346 688 438 765 gravis
449 688 492 747 ira
504 708 557 747 nec
570 688 759 748 exsaturabile
770 691 868 765 petius

159 769 163 775 Ι
200 792 331 865 Cogunt
340 809 396 859 me,
410 791 555 867 Neptune,
568 810 665 867 preces
675 790 844 849 descendere
855 792 885 847 in
895 792 1005 849 omnia:

203 894 313 951 Quam
326 910 379 949 nec
392 892 477 969 longa
490 893 558 960 dier,
577 892 669 969 pietas
681 912 735 951 uec
747 892 863 969 mitigat
875 892 934 949 ulla
937 917 947 963 ς

202 995 276 1052 Nec
288 993 367 1070 Jovis
379 994 500 1070 imperio
513 994 615 1052 satiare
626 994 747 1055 infradia
760 994 889 1071 quiescit.

204 1098 282 1155 Non
293 1096 388 1155 medii
401 1098 536 1173 degente
549 1098 695 1175 Phrygum
708 1098 831 1157 exedisse
844 1098 975 1157 nefandis

203 1200 321 1257 Urbem
329 1198 400 1257 odiis
408 1199 473 1257 satis
481 1201 533 1270 est3
550 1218 607 1257 non
618 1209 821 1277 poenamtraxe
829 1220 881 1275 per
889 1220 1006 1259 omnem

204 1301 369 1377 Reliquias:
391 1300 485 1377 Trojae
496 1302 605 1359 cinerea
617 1314 704 1378 atque
716 1302 774 1360 offa
785 1312 920 1379 peremtae

207 1404 383 1479 Insequitur.
423 1403 538 1462 cauffas
550 1404 624 1462 tanti
637 1404 707 1461 sciat
719 1404 768 1461 illa
781 1404 894 1463 firroria.

207 1506 275 1583 Ipse
287 1506 370 1576 mihi,
390 1525 480 1582 nuper
494 1506 618 1583 Libycis,
639 1515 672 1563 tu
684 1507 768 1574 testis,
788 1507 820 1563 in
830 1507 914 1564 undis

209 1611 311 1667 Quam
324 1608 431 1665 molem
443 1608 538 1666 subito
550 1608 684 1667 excierit:
706 1609 796 1666 maria
808 1608 906 1665 omnia
917 1609 992 1666 coelo

207 1710 340 1779 Miscuit,
359 1710 466 1767 AEoliis
478 1710 674 1786 nequidquam
685 1711 759 1768 freta
771 1710 917 1787 pmuellis3

208 1815 245 1871 In
260 1812 355 1889 regnis
367 1812 422 1869 hoc
435 1811 501 1869 ausa
515 1812 580 1869 tuis.

208 1918 263 1975 Per
275 1914 366 1974 scelus
379 1914 459 1972 eccel
481 1912 570 1973 etiam
582 1913 714 1991 Trojanis
727 1915 866 1973 matribus
879 1914 948 1973 aelia

208 2019 322 2080 Exuffit
333 2018 410 2076 foede
422 2017 524 2094 puppis
529 2042 537 2089 3
560 2027 590 2074 et
604 2017 687 2075 classe
699 2017 814 2093 subegit

208 2119 321 2180 Amilli
333 2118 423 2176 socios
435 2119 542 2195 ignota
555 2119 686 2194 linquere
698 2127 788 2178 terrae.
974 2180 978 2187 ,

210 2223 300 2280 Quod
313 2221 446 2297 superest,
466 2239 525 2291 oro,
546 2221 632 2278 liceat
645 2222 712 2279 dare
725 2232 787 2279 tuta
800 2240 852 2298 per
863 2222 954 2280 undar

207 2323 282 2382 Vela
297 2323 366 2392 tibi;
387 2322 474 2380 liceat
486 2323 661 2380 Laurentem
674 2322 823 2400 adtingere
834 2324 993 2400 Thybrim3

208 2427 239 2486 si
253 2424 378 2482 concessa
391 2433 466 2499 peto,
487 2423 508 2479 fi
521 2425 590 2482 dant
603 2444 637 2482 ea
650 2426 756 2484 moenia
768 2407 869 2484 Parcae.

248 2529 326 2584 Tum
340 2525 487 2584 Saturnius
500 2525 561 2583 haec
575 2526 700 2584 domitor
711 2529 796 2586 maris
808 2529 899 2587 edidit
911 2529 975 2588 alti:

209 2631 263 2688 Fas
276 2648 362 2686 omne
374 2629 422 2696 est,
444 2613 596 2703 Cytherea,
617 2629 689 2686 meir
703 2640 732 2687 te
744 2631 832 2688 fidere
844 2631 949 2708 regnis,

172 2737 174 2740 ’
209 2733 298 2790 Unde
311 2749 401 2807 genus
414 2729 507 2787 ducis:
529 2730 621 2786 merui
634 2750 760 2807 quoque:
783 2733 856 2808 saepe
868 2733 978 2789 furores

210 2832 368 2909 Conpreffi,
388 2843 418 2890 et
431 2832 538 2890 rabiem
553 2842 672 2903 tantam,
693 2834 815 2908 coelique
828 2832 980 2908 marisque.

210 2935 243 2996 N
244 2954 276 2992 ec
286 2935 381 2992 minor
390 2933 422 2991 in
432 2933 522 3003 terris,
536 2934 689 2992 Xanthum
699 2935 902 3008 Simointaque
915 2936 1008 3004 testor,

211 3039 315 3098 AEneae
327 3035 400 3094 mihi
414 3054 480 3092 cura
494 3034 547 3092 tui.
588 3036 692 3092 Quum
701 3034 789 3092 Troia
800 3033 930 3092 Achilles

211 3138 381 3199 Exanimata
393 3137 512 3212 sequens
524 3136 688 3211 inpingeret
699 3134 815 3211 agmina
828 3135 925 3205 muria,

212 3227 308 3300 Millia
321 3239 413 3297 multa
425 3239 506 3294 daret
518 3237 586 3306 leto,
607 3246 811 3310 gemerentque
827 3237 929 3314 repleti
