2509 3875
212 329 324 388 noan.
519 329 619 387 LIB.
658 329 711 388 VI.
975 333 1013 397 07

215 484 432 553 Adceleremus‚
451 484 505 542 ait:
530 485 692 561 Cyclopum
704 484 803 544 odada
817 483 937 542 caminis

213 587 331 644 Moenia
343 587 497 664 conspicio,
517 596 603 663 atque
616 589 731 646 adverso
744 587 852 648 fornice
864 595 967 663 portas,

216 691 292 747 Haec
305 689 356 748 nbi
368 710 420 748 nos
432 701 573 768 praecepta
582 690 687 767 jubent
699 691 839 766 deponere
852 691 935 748 dona.

216 793 353 864 Dixerat,
374 803 414 863 et,
434 794 540 870 pariter
552 794 634 870 gretIi
648 812 698 870 per
715 813 803 869 opaca
815 792 936 861 viarum,

217 897 395 973 Conripiunt
414 897 539 974 spatium
557 897 696 966 medium,
715 895 880 971 foribusque
897 892 1014 969 propin·

297 1009 396 1075 quant.

217 1103 351 1178 Occupat
362 1103 473 1162 AEneas
486 1103 607 1172 aditum,
625 1121 782 1180 corpusque
795 1099 903 1159 recenti

218 1207 334 1282 Spargit
345 1207 430 1282 aqua,
448 1226 617 1283 mmnmque
630 1206 748 1264 adverso
762 1205 793 1262 in
807 1204 908 1262 limine
920 1201 993 1279 figit.

259 1309 314 1366 His
325 1310 443 1367 demum
454 1311 571 1378 exactis,
589 1310 714 1386 perfeeto
727 1327 846 1366 munere
858 1307 939 1375 divae,

216 1413 368 1470 Devenere
380 1413 457 1470 locos
468 1413 558 1482 laetos,
577 1424 607 1470 et
619 1431 731 1470 amnena
744 1413 833 1470 vireta

217 1515 439 1573 Fortunatorum
450 1535 609 1584 nemorum,
631 1516 764 1592 sedesque
778 1517 882 1574 beatas.

217 1618 340 1694 Largior
352 1618 400 1676 hic
412 1638 527 1696 campos
538 1619 628 1678 aether
639 1629 670 1676 et
681 1619 792 1678 lumine
804 1617 885 1676 vestit

217 1722 377 1798 Purpure03
397 1722 542 1798 solemque
554 1723 638 1780 suum
651 1721 699 1780 sua
713 1721 800 1778 sidera
813 1727 928 1777 norunt.

218 1826 286 1883 Pars
299 1825 331 1882 in
343 1825 496 1902 gramineis
508 1834 643 1885 exercent
655 1827 782 1882 membra
795 1822 942 1898 palestria

137 1930 145 1941 ‘
198 1991 201 1994 ,
218 1927 409 1987 contendunt
420 1928 499 1997 ludo,
517 1938 549 1985 et
559 1927 641 1987 fulva
652 1926 796 1985 luctantur
809 1924 908 1994 areni;

219 2007 417 2107 Pars'pedibus
428 2032 572 2107 plaudunt
583 2031 708 2099 choreas,
723 2038 752 2085 et
765 2026 891 2085 earmina
903 2025 1012 2083 dicunt.

218 2134 285 2191 Nec
296 2152 355 2191 non
368 2134 519 2191 Threicius
532 2134 619 2210 longit
632 2152 699 2191 cum
711 2131 786 2190 veste
799 2130 923 2189 sacerdos

216 2235 396 2312 obloquitur
408 2236 534 2295 numeris
546 2237 654 2313 septem
667 2233 830 2293 discrimina
842 2252 960 2305 vocum,

217 2341 341 2417 Jamque
351 2342 450 2398 endem
462 2340 569 2415 digitis,
585 2338 647 2417 jam
660 2338 772 2415 pectine
790 2337 882 2415 pulsat
895 2340 1012 2399 eburno.

259 2441 318 2499 Hic
326 2460 416 2517 genus
426 2442 578 2518 antiquum
583 2441 699 2509 Teucri,
711 2440 901 2517 pulcherrirna
911 2442 1013 2517 proles,

217 2544 403 2619 Magnanimi
416 2545 522 2614 heroes,
543 2544 604 2602 nati
616 2543 782 2601 melioribus
795 2544 890 2613 annin

217 2646 345 2721 llusque,
364 2646 577 2721 Affaracnsque
597 2655 628 2703 et
639 2644 733 2722 Trojae
745 2647 895 2704 Dardanus
907 2646 1012 2703 endor.

217 2750 310 2808 Arma
322 2748 430 2823 procul,
450 2766 605 2822 currusque
617 2748 712 2805 virom
725 2747 846 2805 miratur
857 2746 963 2803 inanis:

219 2850 302 2906 Stant
315 2848 389 2905 terri
401 2850 503 2905 defixae
515 2849 608 2917 hastae,
628 2849 784 2924 paffirnque
796 2848 883 2905 soluti

219 2952 273 3008 Per
285 2969 399 3027 campos
411 2949 564 3026 pascuntur
576 2950 653 3025 equi.
694 2950 769 3007 Quae
782 2948 873 3025 gratia
887 2947 1002 3005 cnrrfim

218 3056 432 3127 Armorumque
444 3053 503 3111 fuit
516 3053 594 3123 vivis,
614 3070 679 3125 quae
692 3070 758 3109 cura
771 3048 889 3109 ¹nitentis

218 3158 337 3217 Pascere
345 3174 441 3231 equos,
460 3156 560 3214 eadem
573 3153 701 3228 sequitur
714 3154 815 3213 tellure
829 3151 960 3227 repostos.

219 3256 376 3334 Conspicit,
386 3258 463 3315 ecce!
483 3257 552 3315 alios
563 3254 672 3323 dextri,
685 3254 822 3331 laevaque,
833 3272 884 3331 per
894 3253 1013 3316 herbam
