2509 3875
233 361 354 424 2⁵17.
554 355 654 414 ers.
693 355 762 414 vu.
1000 349 1075 426 no·

231 507 382 576 Sulfirrea
398 509 466 568 Nar
476 511 559 569 albus
572 513 656 587 aqui,
676 513 827 588 sontesque
839 510 952 582 Velini3

229 610 276 668 Et
290 611 426 688 trepidae
438 621 543 674 matres
555 614 676 689 pressere
689 616 724 672 ad
737 614 850 690 penora
863 624 952 670 natos.
1045 655 1048 664 .

274 713 366 770 Tum
375 732 449 772 vero
459 715 496 771 ad
505 733 606 772 vocem
615 716 729 783 celeres,
741 715 798 790 qui
808 715 931 774 buccina
942 714 1055 791 signum

231 813 314 872 Dira
328 814 430 886 dedit,
451 816 539 892 raptis
550 827 725 876 concurrunt
738 816 867 892 undique
882 816 947 874 telis
976 895 978 902 Α
1046 839 1049 852 ·

230 916 394 974 Indomiti
408 917 556 994 agricole:
579 937 633 978 nec
647 937 705 976 non
719 927 748 976 et
760 919 847 976 Troia
860 919 949 995 pubes

233 1018 380 1077 Ascanio
394 1018 538 1076 auxilium
550 1019 645 1078 castris
658 1019 782 1077 effundit
795 1019 908 1096 apertis.

234 1121 396 1180 Direxere
409 1121 493 1182 acies.
533 1122 603 1180 Non
611 1119 674 1197 jam
687 1121 843 1200 certamine
856 1121 967 1198 agresti,

237 1222 408 1300 Stipitibus
420 1222 509 1287 duris,
528 1223 634 1299 agitur,
655 1222 806 1282 sudibusve
818 1223 954 1300 praeustis,

238 1325 302 1382 Sed
317 1324 401 1383 ferro
414 1323 534 1400 ancipiti
546 1326 713 1393 decernunt,
733 1335 852 1400 atraque
864 1325 925 1382 late

238 1426 405 1484 Horrescit
418 1425 518 1484 siritiis
530 1426 609 1502 seges
621 1427 742 1495 ensibus,
763 1445 876 1502 aeraque
889 1425 1005 1503 fulgent

241 1529 316 1586 Sole
329 1528 466 1596 lacellita,
486 1539 516 1586 et
529 1529 624 1586 lucem
636 1528 688 1586 sub
702 1529 801 1587 nubila
811 1528 935 1604 jactant:

243 1629 373 1688 Flauus
385 1630 429 1687 uti
441 1629 534 1705 primo
546 1630 634 1707 coepit
647 1649 738 1706 quum
752 1631 891 1688 albescere
904 1640 1000 1702 vento,

246 1731 411 1789 Paullatim
423 1730 481 1788 sese
493 1732 570 1789 tollit
583 1751 671 1802 mare,
690 1741 720 1790 et
733 1732 819 1790 altius
833 1733 922 1790 undas

61 1823 62 1839 ¹
159 1906 163 1913 ²
247 1834 353 1912 Erigit
357 1860 366 1907 ς
387 1834 454 1892 inde
466 1835 526 1893 imo
539 1833 686 1912 consurgit
699 1836 735 1892 ad
748 1835 853 1894 aethera
866 1836 966 1894 fundo.

292 1938 356 2001 Hic
370 1937 493 2015 juvenis,
512 1938 635 2014 primam
656 1946 723 1995 aute
740 1938 841 2006 aciem,
862 1938 996 2001 stridente
1014 1938 1057 1997 sa·

377 2040 462 2117 gitta,

129 2218 132 2221 g
252 2143 406 2201 Natorum
418 2141 542 2217 Tyrrhei
555 2142 649 2203 suerat
664 2142 715 2218 qui
728 2141 880 2211 maximus,
900 2141 989 2199 Almo

253 2245 417 2316 Sternitur,
438 2245 518 2303 haefit
532 2244 611 2303 enim
623 2244 675 2303 sub
689 2254 805 2321 gutture
818 2244 927 2314 volnus,
940 2253 970 2302 et
983 2244 1047 2303 udae

252 2349 345 2407 Vocis
357 2347 413 2405 iter
427 2357 603 2422 tenuemque
614 2348 729 2405 inclusrt
742 2346 880 2423 sauguine
894 2346 992 2405 vitam.

255 2452 384 2528 Corpora
397 2450 489 2507 multa
502 2449 596 2507 virum
607 2448 692 2517 circa,
713 2448 861 2524 seniorque
875 2449 1010 2519 Galaesus,

256 2555 339 2613 Dum
352 2553 418 2630 paci
431 2554 559 2610 medium
572 2552 600 2609 se
612 2550 711 2623 offert3
729 2550 893 2628 justiliirnus
906 2572 981 2611 uuus
1090 2574 1091 2579 ¹

83 2707 86 2718 .
129 2676 152 2680 “
260 2656 324 2713 Qui
338 2656 405 2724 fuit,
425 2654 620 2729 Ausoniisque
633 2654 702 2711 olim
717 2653 867 2711 ditiffimus
880 2654 969 2712 arvis:

261 2757 402 2832 Quinque
416 2776 516 2833 greges
528 2756 571 2813 illi
585 2755 743 2824 balantum,
765 2754 852 2829 quina
868 2754 1000 2811 redibant
1093 2746 1096 2753 ’

261 2860 411 2927 Armenta,
430 2868 461 2916 et
474 2868 577 2915 terram
590 2866 711 2915 centum·
720 2859 847 2914 vertebat
861 2855 969 2913 aratris.

299 2960 399 3034 Atque
411 2979 445 3017 ea
463 2978 514 3036 per
525 2978 640 3035 campos
653 2976 736 3035 aequo
756 2959 826 3015 dum
838 2958 934 3015 Marte
951 2976 1059 3034 gerun-

379 3069 427 3120 tur

258 3161 386 3228 Promisti
400 3102 452 3220 dia
465 3163 540 3227 fasta
552 3171 663 3238 potens,
683 3161 734 3219 ubi
748 3160 886 3236 sanguine
899 3162 1008 3221 bellum
1051 3206 1053 3213 .

259 3263 369 3334 lubuit,
387 3273 418 3321 et
430 3264 531 3341 prime
543 3262 675 3321 conmifit
689 3264 789 3321 funcra
801 3280 917 3340 pugna,
