2509 3875
191 310 314 385 creo„
493 314 591 373 nra
631 314 700 400 xn.
935 318 994 381 2⁸7

193 468 263 527 Neu
275 468 339 545 quis
353 473 390 528 ob
403 469 550 548 inceptum
563 467 691 527 subitum
703 468 776 526 mihi
789 467 904 544 segnior
915 465 967 524 ito.

194 572 305 629 Urbem
318 572 412 641 hodie,
433 573 556 630 cantiam
570 572 648 639 belli,
669 590 756 648 regna
774 570 834 646 ipsa
849 568 955 638 Latini,

194 674 237 731 Ni
250 674 365 731 frenum
378 673 517 750 adcipere,
538 686 567 731 et
580 674 649 731 vieti
662 692 769 749 parere,
790 673 927 742 fatentur,

194 778 309 845 Eruam,
330 786 360 833 et
371 796 453 852 aequa
465 776 524 833 solo
537 776 680 834 fumantia
693 776 820 834 culmina
832 794 947 852 ponam.

195 878 311 936 Scilicet
324 878 493 955 exspedtem,
513 878 602 935 libeat
615 880 685 935 dum
698 878 798 954 proelia
810 878 913 936 Turno

194 982 297 1039 Nostra
308 981 382 1058 pati;
404 980 554 1056 rursusque
568 980 638 1037 velit
653 998 821 1037 concurrere
833 979 939 1037 vitnau

195 1086 261 1141 Hoc
274 1092 371 1159 caput,
392 1102 409 1140 o
422 1082 511 1139 cives!
534 1083 595 1139 haec
608 1081 678 1139 belli
691 1081 801 1140 summa
814 1080 941 1139 nefandi.

195 1187 278 1243 Ferte
290 1186 367 1242 faces
381 1184 503 1261 properi,
524 1184 673 1259 foedusque
686 1183 823 1261 reposcite
835 1184 968 1242 flammis.

233 1289 370 1357 Dixerat3
391 1298 487 1362 atque,
501 1286 604 1343 animis
616 1284 723 1362 pariter
735 1286 919 1357 certantibus,
930 1304 993 1345 om·

298 1373 362 1446 ¹nes
405 1422 409 1431 ·
520 1378 525 1385 ⁶

194 1496 274 1552 Dant
287 1510 427 1561 cuneum,
449 1488 591 1565 denssque
604 1492 640 1548 ad
654 1509 749 1548 muros
761 1491 838 1549 mole
850 1492 991 1551 feruntur.

194 1596 282 1653 Scalae
294 1594 447 1671 inproviso,
466 1592 634 1669 subitusque
646 1594 777 1669 adparuit
790 1594 875 1669 ignis.

195 1700 368 1757 Discurrunt
381 1696 435 1765 alii,
442 1696 478 1755 ad
490 1706 594 1774 portas,
613 1696 778 1773 primosque
793 1697 952 1770 trucidant,

195 1804 312 1860 Ferrum
325 1799 375 1858 alii
389 1809 531 1876 torquent,
552 1811 581 1857 et
594 1801 768 1857 obumbrant
780 1799 886 1857 aethera
899 1801 974 1862 telis.

194 1904 268 1984 lpse,
288 1905 365 1963 inter
377 1903 492 1982 primos,
511 1904 641 1962 dextram
655 1903 707 1961 sub
719 1903 825 1961 moenia
839 1904 932 1962 tendit

195 2009 313 2080 AEneas,
334 2009 496 2085 magnique
509 2006 620 2065 incusat
632 2026 702 2065 voce
716 2007 853 2064 Latinum
858 2032 866 2078 3

193 2113 380 2187 Testaturque
394 2112 470 2179 deos,
489 2111 596 2168 iterum
609 2109 638 2166 se
651 2111 685 2167 ad
700 2110 799 2186 proclia
812 2110 893 2187 cogi,
1002 2157 1008 2163 .

193 2218 241 2274 Bis
250 2216 310 2293 jam
324 2214 410 2273 Italos
423 2214 508 2272 hostis
513 2239 522 2285 i
543 2214 605 2271 haec
618 2214 706 2270 altera
719 2213 826 2270 foedera
839 2213 945 2290 rumpi.

194 2321 330 2380 Exoritur
343 2319 466 2394 trepidos
479 2318 554 2375 inter
566 2317 706 2375 discordia
718 2316 803 2375 civis:

196 2426 305 2482 Urbem
319 2422 367 2480 alii
381 2421 501 2480 reserare
508 2419 621 2498 jubent,
641 2431 670 2478 et
683 2421 807 2497 pandere
820 2430 915 2498 portas

196 2526 376 2596 Dardanidis,
397 2524 548 2603 ipsumque
562 2525 676 2582 trahant
689 2524 720 2581 in
735 2524 840 2582 moenia
857 2543 953 2603 regem
961 2547 971 2595 ς

196 2633 285 2688 Arma
298 2631 425 2686 fremunt
438 2628 497 2697 alii,
517 2639 546 2685 et
560 2637 684 2704 pergunt
697 2628 849 2685 defendere
862 2645 971 2684 muros:

195 2733 320 2792 Inclusas
336 2743 368 2791 ut
380 2753 447 2792 cum
460 2731 599 2790 latebroso
612 2732 643 2788 in
657 2731 772 2806 pumice
784 2731 877 2806 pastor

199 2837 355 2916 vestigavit
367 2858 442 2915 apes,
462 2837 599 2910 frunoque
611 2834 734 2910 inplevit
748 2852 858 2903 amaro,

196 2942 258 2998 Illae
270 2942 357 3010 intus,
379 2941 495 3018 trepidae
507 2957 612 3006 rerum,
633 2957 683 3014 per
697 2955 776 2994 cerea
788 2936 876 2994 castra

197 3045 379 3115 Discurrunt,
400 3043 568 3119 magnisque
581 3050 689 3098 acuunt
701 3039 862 3097 stridoribus
875 3038 930 3096 iras
935 3063 943 3109 3

196 3148 332 3206 Volvitur
344 3159 404 3206 ater
417 3147 486 3204 odor
499 3143 592 3214 tentis,
615 3153 677 3200 turn
691 3161 838 3200 murmure
850 3161 926 3200 caeoo

199 3252 281 3310 Intus
295 3251 361 3311 saxa
372 3251 488 3320 sonant,
509 3265 611 3306 vacuas
624 3247 649 3303 it
662 3246 760 3304 fumus
772 3247 808 3304 ad
822 3264 910 3304 auras.
