2509 3875
239 291 299 347 288
505 285 786 356 AENEIDOS,
925 294 1040 359 Νη.

240 439 344 517 Legati
357 440 486 519 respousa
499 442 611 501 ferunt:
633 442 716 501 Nihil
730 441 864 501 omuibus
876 442 974 502 auum

239 546 401 605 Tantorum
418 545 542 623 inpensas
559 564 692 624 operum
713 546 757 604 nil
772 546 857 618 dona,
877 564 973 622 neque
984 566 1039 606 au·

315 666 390 717 rum,

239 750 304 811 Nec
318 770 437 830 magnas
450 752 567 813 raluiiie
580 772 690 831 preces:
712 752 769 812 niia
781 772 859 812 arma
872 753 985 811 latinia

240 852 412 925 Quaerenda,
425 864 475 915 aut
488 874 588 933 pacem
600 858 726 935 Trojano
738 860 775 917 ab
788 876 856 934 rege
867 858 1038 933 petendum.

240 956 349 1017 Deficit
361 959 473 1036 ingenti
484 958 564 1018 ludu
578 976 628 1019 rex
642 960 702 1038 ipse
715 960 847 1019 Latinus:

239 1060 366 1119 Fatalem
380 1062 496 1121 AEnean
509 1064 660 1123 manifesto
672 1064 792 1122 numine
804 1062 873 1121 ferri

175 1228 177 1236 Α
239 1164 387 1223 Admonet
398 1165 439 1223 ira
454 1167 549 1237 dedm,
570 1168 736 1245 tumulique
748 1176 815 1226 ante
827 1186 875 1225 ora
886 1174 1025 1227 recentes.

240 1267 318 1343 Ersso
330 1268 485 1326 concilium
498 1288 647 1346 magnum,
666 1272 829 1348 primosque
842 1269 959 1327 suorum

238 1370 364 1447 Imperio
376 1372 494 1443 adcitos,
514 1374 572 1431 alta
584 1374 660 1432 intra
677 1374 779 1432 limina
791 1373 879 1449 cogit.

239 1470 300 1530 Olli
313 1492 479 1545 convenere,
498 1476 653 1553 fluuntque
665 1477 702 1535 ad
714 1476 793 1553 regia
805 1475 896 1552 plenis

237 1572 328 1634 Tedia
339 1576 402 1634 viis.
443 1579 527 1636 Sedet
544 1578 576 1635 in
589 1579 700 1648 mediis,
719 1588 750 1635 et
763 1596 916 1636 maxumus
928 1596 1000 1648 aevo,

238 1676 276 1737 Et
289 1680 397 1756 primus
409 1680 534 1757 sceptris,
556 1680 634 1739 haud
646 1680 713 1739 laett
725 1680 829 1750 fronte,
849 1679 977 1738 Latinus.

239 1782 340 1858 Atque
353 1782 401 1841 hic
414 1784 531 1861 legatos,
551 1782 653 1841 AEtola
665 1801 702 1841 ex
714 1785 786 1840 urbe
797 1782 932 1853 remiffos,

241 1884 317 1943 Quae
330 1886 463 1958 referant,
484 1886 539 1945 fari
547 1884 632 1964 jubet
636 1910 645 1957 3
667 1894 697 1944 et
709 1884 840 1963 responsa
852 1884 975 1962 reposcit

238 1987 350 2046 Ordine
362 1989 464 2048 cundia
478 1989 537 2048 suo.
569 1989 648 2046 Tum
661 1989 736 2046 faeta
750 1987 859 2045 silentia
872 1987 990 2064 linguis,

239 2091 282 2148 Et
290 2092 430 2164 Venulus,
451 2092 528 2149 dieto
540 2109 652 2168 parens,
671 2089 711 2148 ita
725 2089 811 2147 farier
823 2089 903 2147 infit=

277 2192 421 2262 Vidimus,
441 2193 560 2252 ocivesi
582 2192 732 2262 Diomede,
746 2189 913 2268 Argivaque
926 2191 1024 2264 castra,

239 2295 346 2369 Atque,
365 2295 421 2351 iter
433 2295 547 2363 emensa,
567 2293 648 2352 casua
660 2293 854 2370 superavimus
865 2293 968 2364 omnis,

239 2395 479 2472 Contigimusque
491 2387 618 2465 manum,
639 2397 698 2471 qud
710 2395 837 2453 concidit
849 2396 902 2452 nia
915 2396 1028 2455 telius„

238 2498 293 2555 Ille
304 2499 406 2554 urbem
418 2497 602 2574 Argyripam,
622 2499 722 2574 patriae
734 2498 905 2574 cognomine
917 2499 1037 2575 gentio,

237 2599 338 2658 Victor
350 2599 477 2675 Gargani
491 2599 631 2658 condebat
644 2601 759 2677 iapygia
770 2601 854 2659 arvia.

239 2703 301 2761 Post
314 2721 400 2781 quam
413 2701 580 2778 introgreffi,
600 2711 630 2759 et
642 2719 737 2760 coram
750 2703 816 2759 data
829 2701 911 2778 copia
923 2703 1016 2771 fandi,

239 2807 362 2864 Munera
384 2803 574 2882 praeferimus,
603 2819 717 2872 nomen,
740 2803 929 2880 patriamque,
949 2805 1037 2864 doce·

266 2916 269 2924 '
315 2923 395 2966 mus:

239 3009 302 3068 Qui
314 3009 424 3075 bellurn
435 3008 597 3078 intulerint,
616 3023 680 3084 quae
693 3007 785 3065 cauffa
803 3009 965 3066 adtraxerat
977 3009 1041 3068 Ar&

314 3132 374 3189 pon.
742 3160 745 3168 .

239 3213 356 3279 Auditis
371 3215 420 3272 ille
432 3213 495 3274 haee
506 3213 621 3292 placido*
631 3212 670 3271 nc
681 3210 806 3272 reddidit
819 3230 880 3270 ore:
