2509 3875
253 290 311 341 208
513 281 794 352 AENEIDOS,
944 287 1060 338 naut.

256 436 370 497 Offibus
396 438 562 499 haerentem.
617 440 715 499 Quem
742 458 803 498 uon
825 436 910 514 super
933 445 1060 514 occupat
1168 417 1169 478 l

331 540 435 610 Hisbo,

253 642 307 701 Ille
315 642 431 718 quidem
442 644 497 702 hoc
508 644 635 722 sperans:
657 662 724 702 nam
733 643 823 701 Pallas
834 650 901 701 ante
911 650 1056 713 ruentem,

253 746 333 803 Dum
348 746 428 815 furit,
447 746 598 805 incautum
610 746 718 805 crudeli
731 757 824 803 morte
835 744 944 812 sodalis,

252 848 381 925 Excipit,
391 858 477 925 atque
491 850 587 907 ensem
600 849 711 907 tumido
722 848 752 905 in
766 848 903 925 pulmone
913 846 1055 905 recondit.

253 950 332 1008 Hinc
347 950 515 1009 Sthenelum
533 952 616 1029 petit,
636 962 667 1009 et
680 951 779 1009 Rhoeti
790 952 827 1008 de
845 960 932 1027 gente
944 950 1056 1007 vetusta

253 1053 477 1123 Anchemolum,
498 1053 638 1112 thalamos
652 1054 752 1111 ausum
767 1054 900 1111 incestare
914 1071 1054 1110 novereoe.

250 1156 310 1212 Vos
323 1155 420 1223 etiam,
441 1154 561 1231 gemini,
582 1156 699 1213 Rutulis
712 1156 851 1214 cecidistis
864 1156 895 1213 in
908 1155 992 1223 arvia,

251 1257 371 1325 Dnucia,
393 1257 497 1316 Laride
508 1258 723 1335 Thymberque,
745 1258 888 1316 simillima
902 1258 995 1335 proles

250 1360 406 1417 lodiscreta
422 1358 487 1428 suis,
508 1370 662 1436 gratusque
677 1360 843 1437 parentibus
856 1380 946 1428 error;

250 1464 292 1519 At
306 1480 383 1519 nunc
396 1460 466 1520 dura
479 1462 559 1520 dedit
572 1462 652 1522 vobin
665 1463 829 1521 discrimina
842 1464 945 1521 Pallas:

249 1564 329 1625 Nam
341 1564 562 1642 tibi,Thymbre,
574 1576 663 1643 caput
671 1566 828 1623 Evandrius
839 1566 956 1624 abstulit
966 1567 1054 1639 cufim

250 1670 295 1727 Te
309 1670 401 1727 decisa
415 1668 507 1741 fuum,
529 1670 642 1741 Laride,
664 1672 780 1728 dextera
793 1670 896 1746 quaerit
903 1696 912 1742 i

250 1772 482 1849 semanimesque
492 1773 602 1831 micant
612 1772 708 1849 digiti,
716 1773 880 1849 ferrumque
888 1774 1054 1831 retrudant.
1173 1787 1174 1800 ¹

289 1876 426 1947 Arcadas,
448 1875 581 1934 adcensos
594 1875 716 1945 monitu,
737 1883 767 1932 et
779 1874 913 1953 praeclara
927 1885 1042 1933 tuentes

249 1979 334 2038 uana
344 1980 408 2048 viri,
422 1980 529 2040 mixtus
543 1980 632 2049 dolor,
644 1988 675 2036 et
688 1979 789 2056 pudor,
803 1987 895 2036 armat
908 1978 938 2036 in
950 1979 1053 2038 hostes.

248 2083 327 2140 Tum
340 2083 430 2144 Pallas
443 2081 549 2160 bijugis
562 2082 725 2159 fugientem
737 2079 857 2138 Rhoetea
870 2093 973 2158 praeter
1065 2117 1068 2123 ·

248 2183 377 2261 Trajicit.
409 2185 475 2242 Hoc
488 2185 622 2260 spatium,
637 2192 809 2259 tantumque
820 2202 907 2241 morae
921 2184 1052 2258 suit1103

249 2284 294 2343 Ilo
307 2305 432 2362 namque
445 2287 544 2363 procul
558 2287 683 2344 validam
695 2286 835 2344 direxerat
849 2287 969 2344 hastam:

250 2389 349 2448 Quam
360 2389 471 2444 medius
482 2389 618 2446 Rhoeteus
628 2387 785 2464 intercipit,
795 2389 903 2465 optime
910 2390 1052 2467 Teuthra,

248 2492 292 2550 Te
311 2489 435 2565 fugiens,
456 2490 631 2566 fratremque
642 2491 754 2566 Tyren:
778 2510 921 2568 curruque
936 2493 1053 2552 volutus

248 2594 344 2652 Caedit
357 2593 518 2650 semanimis
533 2593 707 2651 Rutulorum
720 2595 845 2653 calcibus
858 2615 933 2654 arva.

249 2701 295 2756 Ac
309 2697 397 2763 velut,
418 2705 517 2772 optato
530 2696 622 2754 ventis
634 2697 729 2755 aestate
742 2699 852 2767 coortis¹

249 2801 380 2879 Dispersa
394 2799 519 2856 inmittit
533 2799 608 2858 silvis
621 2799 752 2856 incendia
765 2801 868 2878 pastor3

248 2903 401 2981 Conreptis
415 2903 509 2960 subito
522 2901 635 2972 mediis,
656 2903 822 2961 extenditur
833 2923 892 2963 una

248 3007 373 3065 Horrida
387 3025 439 3084 per
451 3007 522 3064 latos
537 3005 610 3062 acies
620 3005 760 3062 Volcania
774 3025 897 3085 campos;

248 3109 303 3167 Ille
316 3111 414 3168 sedens
427 3110 516 3167 vidor
528 3109 659 3166 flammas
672 3107 816 3184 despeuat
828 3111 954 3170 ovantis:

247 3209 316 3268 Nou
330 3213 413 3270 aliter
425 3212 534 3271 socium
566 3213 643 3269 irtus
656 3211 715 3269 coit
727 3213 821 3270 omnis
833 3213 864 3272 in
878 3233 979 3282 uuum,
