2509 3875
218 380 252 430 Vs
261 365 331 430 781.
503 430 506 438 Ι
527 361 625 419 LIB.
665 361 719 420 VI.
983 369 1021 435 9³

221 515 284 573 En!
304 512 400 591 hujus,
419 523 495 584 nate,
514 515 648 593 auspiciis
660 517 709 574 illa
722 515 831 574 incluta
845 517 936 576 Roma

221 617 383 692 Imperium
395 618 484 685 terris,
502 618 613 675 animos
629 618 755 694 aequabit
768 618 903 696 Olympo,

220 720 395 795 Septemque
406 739 465 778 una
477 719 529 776 fibi
541 739 625 776 muro
637 719 827 776 circumdabit
840 738 927 787 arces,

221 822 305 880 Felix
317 823 396 898 prole
408 823 517 880 viriam:
538 822 631 899 qualis
643 822 812 898 Berecyntia
825 831 918 880 mater

221 924 374 982 Invehitur
385 941 471 982 curru
484 923 620 1001 Phrygias
634 922 733 982 turrita
747 941 799 1000 per
810 924 898 992 urbis,

220 1028 302 1084 Laeta
315 1027 402 1084 deum
414 1036 508 1103 partu,
528 1034 647 1083 centum
660 1026 800 1102 conplexa
813 1035 939 1103 nepotes,

220 1128 328 1187 Omnis
339 1128 491 1196 coelicolas,
509 1127 603 1185 omnis
615 1127 715 1204 supera
728 1127 785 1184 alta
798 1129 930 1187 tenentis.

258 1231 329 1288 Huc
347 1229 476 1306 geminas
494 1247 573 1285 nuuc
591 1229 675 1286 lledte
694 1228 781 1286 acies:
809 1229 886 1288 hanc
905 1232 1017 1310 adspice

306 1375 310 1379 .
337 1341 464 1408 gentem,

219 1436 420 1509 Romanosque
433 1443 506 1490 tuos.
545 1431 605 1489 Hic
617 1431 720 1502 Caesar,
740 1442 769 1492 et
782 1434 875 1493 omnis
887 1436 945 1494 Iuli

217 1537 380 1614 Progenies,
398 1554 538 1612 magnum
549 1534 615 1591 eseli
627 1545 747 1594 ventura
760 1537 812 1593 suh
825 1557 918 1598 axem.

218 1641 279 1699 Hic
293 1641 347 1709 vir,
366 1639 415 1697 hic
427 1639 477 1708 est,
496 1637 552 1695 tibi
564 1656 652 1713 quem
669 1637 799 1715 promitti
813 1639 913 1716 saepius
925 1641 1015 1711 audis,

217 1743 366 1820 Augustus
379 1741 482 1810 Cesar,
502 1741 571 1798 Divi
583 1758 688 1816 genus:
710 1759 793 1798 aurea
807 1745 911 1802 condet

186 1883 189 1887 ν
217 1846 326 1915 Secula
339 1845 389 1920 qui
402 1842 497 1900 rursus
510 1842 602 1912 Latio,
622 1851 740 1918 regnata
753 1863 804 1919 per
816 1864 881 1902 arva

218 1951 342 2017 Saturno
353 1948 512 2024 quondam;
533 1946 618 2035 super
630 1958 660 2003 et
671 1946 864 2016 Garamantas,
879 1960 908 2005 et
920 1950 1014 2021 Indos,

217 2052 346 2111 Proferet
357 2051 525 2127 imperium:
542 2048 713 2126 jacet'extra
726 2048 814 2106 sidera
828 2051 920 2118 tellus,
999 2060 1002 2063 '

217 2155 307 2212 Extra
320 2154 398 2223 anni,
419 2153 550 2228 solisque,
571 2151 632 2209 vias
640 2176 648 2222 ς
671 2152 722 2209 ubi
735 2151 843 2210 coelifer
855 2154 937 2213 Atlas

218 2260 316 2315 Axem
328 2256 448 2314 humero
461 2263 586 2330 torquet,
607 2254 691 2312 stellis
708 2256 872 2315 ardentibus
886 2268 993 2335 aptum.

217 2358 314 2436 Hujus
327 2359 358 2415 in
372 2359 526 2415 adventum
535 2355 597 2433 jam
610 2376 689 2415 nuuc
702 2367 731 2416 et
744 2360 844 2436 Caspia
858 2381 946 2439 regna

218 2461 367 2537 Respoufis
380 2461 498 2517 horrent
509 2459 616 2530 divom,
630 2470 660 2518 et
672 2462 897 2534 Maeotia‘tellus,

217 2566 257 2621 Et
270 2562 487 2639 septemgemini
501 2565 615 2620 turbant
628 2565 738 2639 trepida
751 2566 819 2623 ostia
832 2568 905 2627 Nili.

215 2665 283 2724 Nec
295 2685 364 2724 vero
376 2665 494 2723 Alcides
506 2674 620 2723 tautum
634 2667 743 2725 telluris
756 2670 863 2741 obivit;

217 2769 329 2827 Fixerit
338 2768 491 2845 aeripedem
503 2785 615 2826 cervam
627 2768 705 2839 licet,
724 2781 773 2829 aut
788 2772 956 2847 Erymanthi

218 2871 329 2929 Pacarit
342 2890 467 2938 nemora,
486 2879 516 2927 et
529 2872 653 2929 Lernam
667 2873 857 2931 tremefecerit
869 2892 948 2929 arcu:

217 2975 250 3032 N
251 2993 293 3041 ec,
314 2974 362 3049 qui
376 2972 538 3050 pampineis
548 2974 640 3031 vidior
648 2972 719 3050 juga
732 2974 821 3032 fleuit
834 2974 958 3046 habenis,

217 3078 314 3146 Liber,
334 3095 421 3153 agens
433 3076 509 3133 celso
523 3075 608 3152 Nysae
620 3076 657 3133 de
669 3076 775 3133 vertice
789 3076 878 3151 tigris.

217 3180 256 3237 Et
268 3179 433 3237 dubitamus
445 3179 539 3235 adhuc
551 3178 687 3235 virtutem
700 3178 851 3235 extendere
864 3179 956 3249 sadis,

211 3283 280 3348 ,Aut
293 3290 387 3356 metus
399 3280 527 3339 Ausonis
537 3280 670 3358 prohibet
683 3280 828 3339 consistere
842 3283 933 3341 terri?
952 3278 955 3287 ⁴
