2509 3875
101 367 112 434 3
203 350 319 413 mm.
398 350 401 353 ·
516 342 614 401 urs.
652 342 707 401 Ν.
989 350 1010 408 a

200 496 403 571 incenditque
413 496 546 555 animum
558 496 649 565 diuis,
667 506 755 571 atque
766 502 883 573 aggerat
895 491 960 551 iras.
975 546 979 551 .

242 598 332 655 Hice*
340 600 508 655 Hammone
521 598 605 668 satus,
615 599 694 674 rapti
701 596 905 656 Garamantide
912 596 1008 671 Nym·

200 701 411 879 Templaplriii
423 812 541 860 eentum
552 803 619 861 latia
629 803 757 860 inmania
769 801 875 877 reguis,

203 904 340 961 Centum
347 924 417 971 aras,
424 903 536 980 posuit3
548 904 724 980 vigilemque
733 904 890 961 sacraverat
898 900 1009 978 ignem,

202 1007 356 1065 Excubiae
369 1006 467 1063 divom
479 1015 615 1077 aetemas3
636 1007 837 1081 pecudumque
848 1022 949 1061 cruore

94 1178 99 1196 ι
198 1108 325 1184 Pingue
338 1108 439 1177 solum,
459 1116 490 1165 ct
502 1108 585 1165 variis
597 1108 728 1166 florentia
739 1108 840 1165 limina
851 1106 939 1164 sertis.

205 1210 307 1285 Isque,
327 1228 424 1267 amens
438 1210 537 1277 animi,
558 1218 588 1265 et
600 1228 713 1267 rumore
725 1208 860 1266 adcensus
872 1228 978 1278 amaro,

207 1311 329 1368 Dicitur
341 1322 409 1369 ante
421 1328 491 1380 aras,
512 1310 606 1367 media
619 1311 697 1368 inter
708 1329 828 1369 munera
840 1312 946 1380 divom,
989 1304 1012 1369 ‘.

209 1414 309 1472 Multa
321 1415 422 1491 Jovem
435 1412 568 1471 manibus
579 1414 700 1490 supplex
712 1414 800 1471 oraffe
812 1413 935 1490 supinis:

211 1516 346 1593 Juppiter
357 1516 546 1592 omnipotens,
565 1516 613 1573 cui
626 1534 703 1573 nunc
716 1496 861 1573 Maurufia
872 1515 955 1591 pictis

215 1618 291 1675 Gens
303 1619 416 1694 epulata
429 1618 497 1675 toris
510 1619 648 1675 Lenaeum
659 1618 732 1675 libat
742 1618 890 1685 honorem,

217 1720 346 1796 Adspicis
358 1722 436 1777 haec?
457 1722 506 1777 An
519 1730 556 1790 te,
575 1721 697 1796 genitor,
710 1740 803 1795 quum
815 1720 937 1777 fulmina
948 1728 1006 1776 tor·

291 1842 370 1897 ques,
686 1842 689 1845 ·

215 1923 420 2000 Nequidquam
429 1923 592 1982 horremus?
610 1924 735 2000 caseique
747 1924 780 1981 in
791 1924 915 1982 nubibus
924 1923 1007 1999 ignes

214 2027 385 2085 Terrificaut
398 2027 517 2095 animos,
536 2037 566 2084 et
578 2026 677 2083 inania
688 2045 836 2083 murmura
848 2024 986 2082 rniscent?
1007 2079 1011 2084 ,

215 2129 341 2200 Femina,
363 2147 437 2203 quae,
457 2128 556 2186 nostris
568 2147 665 2186 errans
677 2127 838 2193 infinibus,
857 2127 960 2186 urbem

214 2231 359 2306 Exiguam
371 2229 465 2305 pretio
476 2229 585 2306 posuit;
606 2230 653 2286 cui
666 2229 734 2286 litus
743 2229 891 2300 arandum,

214 2335 327 2409 Cuique
339 2333 396 2391 loci
408 2334 494 2409 leges,
513 2333 661 2401 dedimus;
682 2333 826 2390 connubia
837 2332 930 2391 nostra

214 2435 341 2512 Repulit,
361 2453 394 2492 ac
408 2433 557 2493 dominum
569 2435 685 2492 AEuean
698 2433 728 2489 in
742 2453 828 2512 regna
840 2435 955 2513 recepit.
1012 2445 1014 2449 ’

213 2539 252 2595 Et
264 2555 341 2594 nunc
354 2538 404 2594 ille
417 2537 501 2604 Paris,
521 2555 588 2594 cum
601 2535 733 2594 semiviro
742 2537 892 2604 comitatu,

214 2639 341 2696 Maeonis
353 2647 484 2696 mentum
496 2638 590 2708 mitra,
610 2623 776 2716 crinemque
788 2641 962 2706 madentem,

214 2741 367 2807 Subnixus,
387 2749 468 2814 rapto
481 2739 600 2816 potitur:
623 2759 675 2797 nos
687 2759 804 2799 munera
817 2741 931 2816 templis

216 2841 333 2919 Quippe
347 2841 403 2898 tuis
416 2841 543 2910 serimus,
563 2840 727 2916 famamque
741 2842 871 2899 fovemus
880 2840 1008 2897 inanem.

207 2957 210 2964 '
237 2987 238 2992 κ
251 2944 372 3002 Talibus
386 2953 514 3018 orantem
528 2942 619 3010 dictis,
640 2962 757 3018 arasque
771 2951 927 3007 tenentem,

213 3046 321 3104 Audiit
333 3045 521 3122 omnipotens,
541 3046 694 3120 oculosque
706 3046 742 3102 ad
755 3042 860 3100 moenia
872 3043 952 3104 torsrt

214 3148 317 3224 Regia,
338 3155 367 3204 et
380 3147 483 3204 oblitos
496 3148 580 3204 famae
593 3146 719 3205 melioris
731 3145 851 3224 amantis
858 3169 867 3215 3

214 3249 294 3308 Tum
307 3251 345 3306 fie
356 3247 536 3306 Mercurium
554 3247 727 3322 adloquitur,
746 3261 781 3300 ac
794 3245 862 3305 ralia
875 3249 1017 3308 mandat:¹
