2509 3875
229 361 262 406 vt·
272 350 347 403 255:
510 351 518 364 '
537 345 565 403 L
576 345 591 401 I
604 346 637 402 Β.
652 352 657 361 ’
677 345 730 405 IX.
974 347 1030 411 171²

231 498 375 558 Aitutum
386 498 453 575 pius
464 500 582 569 AEness,
601 511 697 577 atque,
716 500 830 577 integer
840 497 904 568 aevi,

232 600 382 671 Ascanius,
403 600 499 659 meriti
511 602 584 660 tanti
597 622 655 659 non
667 603 809 661 inmemor
822 619 967 676 umquam.
1032 618 1035 623 ·

233 704 328 761 Immo
340 720 395 780 ego
407 722 466 772 vos,
486 703 533 761 cui
545 704 602 762 sola
615 704 688 762 salus
701 703 830 781 genitore
843 702 967 770 reducto,

233 802 350 880 Excipit
363 804 517 876 Ascanium
538 824 727 883 permagnos,
746 804 828 875 Nise,
848 804 969 872 Penatis,

233 904 419 983 Auaracique
432 908 546 977 Larem,
564 916 595 965 et
608 926 687 965 cana:
699 906 856 984 penetralia
867 906 968 974 Vestae,
1029 922 1036 959 ἰ

233 1006 382 1077 obtestor,
403 1026 591 1084 quaecumque
604 1009 679 1067 mihi
696 1009 821 1077 fortuna,
841 1009 966 1084 fidesque
977 1009 1027 1079 est,

234 1110 270 1167 In
283 1108 379 1166 vestris
392 1128 469 1185 pono
481 1110 609 1186 gremiis:
632 1116 763 1169 revocate
774 1120 936 1187 parentem:

234 1210 357 1269 Reddite
370 1210 563 1287 conspeetum:
586 1212 660 1270 nihil
671 1212 723 1271 iilo
738 1212 815 1269 triste
826 1216 949 1289 recepto.
1029 1245 1032 1252 ·

234 1312 308 1371 Bina
320 1312 403 1380 dabo,
423 1323 541 1390 argento
553 1314 687 1391 perfeeta,
707 1325 793 1390 atque
805 1314 900 1389 aspera
913 1314 1009 1393 tignis,

234 1416 349 1486 Pocula,
369 1415 479 1473 desisti
491 1418 604 1493 genitor
615 1436 681 1493 quae
693 1416 771 1493 cepit
782 1416 900 1488 Arisba,

235 1518 279 1575 Et
287 1517 410 1594 tripodas
423 1518 565 1594 geminos:
587 1518 650 1575 auri
660 1519 718 1575 duo
730 1537 835 1594 magna
848 1520 967 1591 talenta:

235 1619 352 1677 Cratera
364 1618 527 1695 antiquum,
547 1639 633 1695 quern
647 1620 696 1676 dat
709 1619 823 1677 Sidonia
837 1620 926 1680 Dido.

236 1720 266 1778 Si
275 1740 346 1780 ,uero
358 1740 458 1798 capere
471 1720 595 1789 Italiam,
615 1720 787 1796 soeptrisque
798 1721 884 1798 potiri
946 1744 949 1749 ·
1027 1751 1030 1757 ·

236 1822 399 1901 contigerit
410 1822 520 1893 viitori,
540 1831 569 1879 et
581 1823 684 1897 praedae
696 1822 800 1880 ducere
812 1822 929 1881 sortem:

235 1924 348 1995 Vidisti,
368 1945 425 2000 quo
437 1924 553 1995 Turnus
566 1942 649 1999 equo,
669 1923 773 1998 quibus
788 1924 850 1982 ibat
861 1924 892 1982 in
906 1925 991 1985 armis
1031 1935 1036 1946 '

235 2027 363 2086 Aureus:
382 2025 477 2103 ipsum
489 2025 573 2084 illum
585 2025 721 2102 clipeum,
731 2026 881 2102 cristasque
890 2029 1028 2100 rubentis,

235 2131 386 2208 Excipiam
398 2129 475 2198 sorti,
491 2127 552 2205 jam
565 2147 642 2186 nunc
655 2137 705 2186 tna
718 2129 843 2205 praemia,
863 2130 949 2191 Nise.¹
990 2186 992 2188 .

167 2241 169 2244 ’
235 2235 382 2302 Praeterea,
400 2231 447 2290 bis
459 2231 508 2288 sex
521 2233 635 2307 genitor
645 2230 793 2290 letiiffima
805 2240 932 2290 matrum
946 2285 949 2290 .
1028 2243 1033 2250 ’

236 2337 370 2413 Corpora,
383 2333 563 2410 captivosque
574 2331 664 2401 dabit,
674 2332 781 2408 suaque
790 2335 923 2393 omnibus
935 2356 1029 2397 arma:

236 2437 356 2514 Insuper
367 2435 421 2504 his,
441 2434 535 2511 campi
548 2435 624 2510 quod
637 2453 688 2492 rex
699 2435 786 2493 habet
798 2435 859 2513 ipse
871 2439 1001 2499 Latinus.
1023 2444 1026 2448 ’

236 2541 281 2596 Te
293 2557 368 2606 vero,
388 2557 451 2596 mea
465 2555 552 2610 quem
563 2535 660 2612 spatiis
671 2537 848 2614 propioribus
860 2551 928 2599 aetas
1029 2570 1033 2575 ·

237 2639 408 2714 Insequitur,
427 2639 587 2697 venerande
599 2657 679 2713 puer,
694 2637 755 2715 jam
768 2643 879 2717 pettore
892 2651 953 2700 toto

238 2740 373 2817 Adcipio,
393 2749 423 2798 et
436 2739 572 2798 comitem
585 2738 664 2796 casus
676 2742 839 2818 conpleetor
850 2742 882 2798 in
894 2742 997 2802 omnis.
1028 2751 1032 2756 ’

238 2841 329 2900 Nulla
342 2841 412 2902 meis
425 2841 483 2899 fine
496 2848 525 2898 te
538 2849 681 2916 quaeretur
693 2842 783 2917 gloria
795 2844 893 2911 rebus,

209 2951 212 2960 ¹
239 2945 295 3003 Seu
305 2942 478 3019 pacem,seu
488 2942 572 3012 bella,
582 2961 692 3018 geram:
714 2943 769 3000 tibi
781 2961 916 3000 maxuma
927 2961 1031 3014 rernm,

237 3049 463 3122 verborumque,
476 3047 555 3103 fides.
596 3046 703 3102 Contra
716 3063 803 3120 quem
816 3044 882 3100 talia
896 3045 974 3103 fatur

237 3149 391 3226 Euryalus:
404 3148 466 3206 ,Me
480 3148 559 3206 nulla
571 3145 631 3203 dies
645 3155 705 3202 tarn
716 3145 837 3203 fortibus
849 3146 921 3204 auiis

238 3249 415 3312 Dissimilem
426 3248 567 3327 arguerit:
580 3254 703 3322 vtanturn
708 3271 718 3318 3
739 3247 872 3319 Fortuna,
892 3250 1014 3314 secunda
