2509 3875
208 395 239 434 v.
250 374 319 435 365.
514 373 613 434 LIB.
652 371 705 432 VI.
740 369 744 376 ⁴
972 379 1018 444 77'

212 531 301 607 Eripe
314 549 361 588 me
372 530 428 598 his,
441 528 555 600 invidie,
571 527 667 589 maiis:
689 537 740 588 aut
753 537 786 587 tu
798 521 872 587 milii
886 537 990 587 terram

211 632 314 710 Injioe,
334 651 460 708 namque
472 641 562 709 potes,
581 641 736 709 portusque
752 631 863 708 require
876 633 1008 704 Velinor3

211 741 278 794 Aut
290 745 332 803 tu,
354 735 374 792 si
387 753 444 811 qua
456 735 503 792 via
515 735 564 804 est,
584 737 606 792 fi
619 753 707 811 quam
725 734 779 793 tibi
792 735 857 792 diva
869 736 991 794 creatrix

213 838 349 896 Ostendit
363 837 570 914 (nequeenim,
589 839 684 906 credo,
704 837 763 895 fine
782 837 901 894 numine
913 837 1011 895 divom

212 937 348 998 Flumina
358 948 438 997 tanta
448 957 538 1016 paras,
549 940 735 1016 Stygiamque
745 939 845 997 innare
852 925 1009 1016 paludem),

213 1044 262 1100 Da
276 1044 406 1099 dextram
418 1041 531 1108 misero,
550 1053 580 1098 et
593 1052 690 1099 tecum
702 1061 749 1098 me
762 1041 830 1100 tolle
843 1060 894 1118 per
906 1042 1009 1113 undam

215 1145 334 1202 Sedibus
346 1155 381 1201 ut
392 1144 493 1202 saltem
505 1144 626 1220 placidis
638 1144 669 1200 in
681 1155 772 1201 morte
786 1145 939 1220 quiescam.

215 1247 299 1304 Talia
313 1247 470 1315 sumserat,
491 1246 579 1322 coepit
592 1265 682 1321 quum
694 1246 762 1304 talia
776 1257 867 1304 vates:

216 1351 305 1408 Unde
318 1350 388 1418 haec,
408 1368 427 1405 o
440 1349 583 1406 Palinure!
607 1348 661 1406 tibi
674 1359 733 1406 tam
746 1349 806 1406 dira
819 1347 939 1426 cupido?

215 1453 264 1510 Tu
278 1452 388 1527 Stygias
401 1445 566 1508 inhumatus
579 1470 675 1525 aquas,
689 1469 858 1527 amnemque
871 1453 1000 1510 severum

214 1554 419 1622 Eumenidum,
439 1553 575 1629 adspicies
579 1579 588 1625 ;
613 1555 740 1630 ripamve
752 1553 869 1631 injussus
882 1554 991 1612 adibis?

216 1659 322 1714 Defiue
335 1656 394 1714 sata
408 1657 496 1712 deum
508 1655 585 1713 flesti
598 1655 707 1732 sperare
719 1657 869 1732 precando.

217 1760 273 1816 Sed
286 1777 355 1835 cape
368 1753 443 1816 dieta
456 1777 574 1827 memor,
593 1759 657 1816 duri
672 1759 768 1818 solatia
781 1758 874 1818 casus:

217 1861 298 1918 Nam
310 1871 359 1917 tua
373 1859 501 1932 finitimi,
520 1860 607 1937 longe
620 1861 734 1937 lateque
746 1879 797 1937 per
808 1863 892 1918 urbes

217 1962 358 2039 Prodigiis
370 1961 425 2021 asti
439 1962 607 2032 coelesiibus,
628 1962 684 2020 offa
697 1962 835 2038 piabunt;

217 2064 256 2123 Et
266 2061 388 2123 statuent
399 2065 552 2133 tumulum,
563 2074 592 2122 et
604 2066 716 2122 tumulo
729 2064 876 2124 sollemnia
886 2064 1013 2139 mittent,

129 2190 134 2197 ·
218 2169 432 2242 AEteruumque
445 2167 524 2224 loeus
536 2166 663 2224 Palinuri
675 2184 780 2225 nomen
793 2167 919 2227 habebit.

217 2270 274 2329 His
286 2270 369 2327 dinis
382 2288 457 2326 curae
469 2278 581 2338 emotae,
600 2269 753 2346 pulsusque
766 2288 918 2349 parumper

218 2374 312 2430 Corde
324 2372 405 2430 dolor
418 2370 502 2428 tristi:
525 2372 631 2447 gaudet
644 2372 817 2448 cognomine
830 2362 911 2433 terra.
1002 2360 1005 2367 ’

255 2469 402 2552 Ergo'iter
413 2474 561 2549 inceptum
573 2492 725 2551 peragunt,
739 2475 884 2553 fluvioque
897 2478 1013 2555 propin·

333 2586 422 2653 quant
427 2600 436 2648 3

218 2680 327 2739 Navita
340 2676 480 2756 quonjam
494 2678 561 2735 inde
573 2687 607 2735 ut
620 2678 719 2755 Stygia
731 2680 875 2757 prospexit
887 2683 923 2739 ab
936 2682 1014 2739 undd

219 2786 271 2841 Per
283 2783 404 2841 taciturn
418 2780 518 2839 nemus
530 2779 582 2848 ire,
600 2782 760 2857 pedemque
773 2784 917 2841 advertere
930 2782 1012 2858 ripae3

218 2887 265 2944 Sic
277 2886 355 2962 prior
368 2883 533 2960 adgreditur
549 2882 649 2953 diutia·
664 2894 749 2959 atque
762 2885 891 2959 increpat
902 2884 992 2941 ultro:

218 2987 360 3064 Quisquis
372 3000 411 3054 es,
425 2996 549 3044 armatus
561 2986 610 3061 qui
624 2986 716 3043 nostra
730 2986 766 3043 ad
780 2985 899 3044 flumina
912 2986 1013 3055 tendis,
1034 3030 1038 3040 .

219 3092 288 3148 Fare
298 3109 360 3166 age,
371 3089 441 3164 quid
449 3087 558 3157 veniam
577 3086 638 3163 jam
648 3086 730 3143 istinc
741 3097 770 3144 et
780 3087 1014 3163 conprimegres·

295 3193 367 3249 sum.

219 3294 395 3352 Umbrarum
405 3290 453 3349 hic
463 3291 542 3349 locun
549 3289 597 3358 esi,
609 3284 716 3359 Somni,
727 3289 884 3364 Nodtirque
893 3290 1011 3369 soporae:
