2509 3875
300 364 357 428 294
559 356 838 426 AENEIDOS,
995 356 1106 423 v2752.

300 512 352 569 llle
365 520 470 583 autem,
491 510 608 581 infidiis,
629 524 660 571 et
672 512 738 589 ripn
746 512 861 571 territus
873 512 942 580 ulti,

300 612 385 671 Mille
398 612 484 690 fugit,
505 615 680 692 refugitque,
700 615 774 673 rias:
797 624 826 671 at
839 613 955 670 vividus
968 614 1088 670 Umber

301 716 399 773 Haeret
413 714 503 783 hians,
513 714 702 793 jamjamque
715 726 804 785 tenet,
820 714 977 790 fimilisque
990 715 1111 771 tenenti

300 816 446 895 increpuit
459 817 550 885 malis,
571 817 722 894 morsuque
734 818 827 875 elusus
839 817 921 874 inani
932 817 983 874 est.

299 920 378 979 Turn
391 938 457 977 vero
469 919 597 977 exoritur
609 920 729 979 elamor:
753 918 889 996 ripaeque,
908 919 1062 993 lacusque,

302 1022 476 1099 Responsum
490 1020 574 1093 circu,
594 1032 624 1079 et
637 1022 742 1079 coelum
756 1030 838 1078 tonat
848 1039 936 1077 omne
949 1022 1098 1082 tumultu

302 1124 355 1183 Ille
370 1124 452 1181 simul
466 1124 589 1201 fugiens,
611 1124 731 1181 Rutulos
748 1122 830 1181 timul
843 1123 973 1197 increpat
986 1123 1100 1192 omnis,

301 1226 430 1285 Nomine
454 1246 597 1303 quemque
621 1244 741 1296 vocans3
772 1234 932 1299 notumque
957 1223 1111 1301 efflagitat

381 1326 487 1387 ensem.

303 1431 411 1489 AEneas
424 1440 546 1487 mortem
559 1440 666 1497 contra,
686 1428 862 1506 praesensque
875 1427 1006 1486 minatur

301 1530 441 1601 Exitium,
458 1531 482 1589 'fi
496 1531 648 1607 quisquam
665 1532 762 1602 adeun
783 1540 925 1606 terretque
941 1535 1111 1605 trementis,

303 1634 473 1693 Excisumm
486 1636 587 1691 urbem
601 1632 747 1701 minitans,
768 1643 799 1690 et
811 1631 921 1689 saucius
934 1632 1034 1691 instat.

303 1736 443 1813 Quinque
456 1734 531 1793 urbis
544 1736 662 1811 explent
671 1734 764 1803 cursu,
778 1734 957 1810 totidemque
967 1745 1113 1796 retexunt

303 1840 370 1897 Huc
383 1838 461 1901 illuc,
488 1838 592 1912 Neque
602 1836 680 1894 enim
692 1836 765 1893 levia
778 1848 830 1893 aut
842 1836 950 1894 ludicra
964 1850 1114 1913 petuntur

303 1941 436 2001 Premia:
459 1940 506 1998 sed
518 1939 612 1997 Turni
625 1941 661 1996 de
674 1938 742 2007 vitu,
763 1948 793 1995 et
806 1939 954 2015 sauguine,
970 1953 1102 2009 certant,

343 2045 434 2110 Forte,
455 2043 530 2100 sacer
544 2043 651 2107 Fauno,
673 2041 749 2097 foliis
762 2041 878 2098 oleaster
891 2043 996 2100 amaris

303 2145 362 2206 Hic
376 2145 497 2213 steterat,
518 2143 612 2200 nautis
624 2143 694 2200 olim
707 2143 869 2199 venerabile
881 2143 996 2219 lignum
1004 2171 1015 2217 3
1042 2201 1045 2205 ,

305 2247 411 2304 Servati
425 2245 566 2314 extrudis,
587 2243 639 2301 ubi
650 2244 740 2320 figere
753 2244 829 2301 dona
843 2245 974 2302 solebant

304 2348 441 2406 Laurenti
455 2349 530 2414 divo,
551 2357 581 2404 et
596 2355 673 2404 votas
685 2345 854 2420 suspendere
865 2345 956 2402 vestis.

305 2449 358 2506 Sed
373 2449 485 2524 stirpem
498 2450 603 2507 Teucri
617 2448 697 2506 nullo
710 2447 874 2508 discrimine
887 2449 1000 2507 sacrum

306 2552 491 2616 Sustulerant.
511 2571 583 2628 puro
595 2561 628 2608 ut
641 2551 751 2627 possent
764 2570 931 2612 concurrere
942 2571 1062 2629 campo,

306 2655 364 2714 Hic
377 2655 454 2712 hasta
467 2655 572 2712 AEneoe
585 2655 689 2725 stabat;
710 2653 768 2711 huc
780 2655 893 2730 inpetus
906 2655 989 2712 illam

307 2759 458 2818 Detulerat
472 2759 568 2827 fixam,
589 2767 619 2814 et
632 2758 709 2814 lenti
722 2759 753 2813 in
766 2757 862 2817 radice
877 2760 1001 2815 tenebat.

308 2863 450 2930 Incubuit,
472 2862 620 2937 voluitque
634 2880 721 2917 manu
735 2861 893 2918 convellere
909 2861 1030 2930 ferrum,

306 2967 498 3036 Dardanides3
521 2965 635 3039 teloque
649 2963 736 3038 sequi,
756 2984 842 3039 quem
858 2965 997 3040 prendere
1011 2970 1100 3027 cursu

306 3071 337 3126 N
339 3090 375 3127 on
387 3079 506 3146 poterat.
527 3069 605 3124 Tum
614 3086 689 3134 vero,
699 3086 796 3123 amens
807 3066 971 3136 formidine,
979 3068 1112 3143 Turnus

306 3171 411 3236 Fauue,
431 3189 539 3246 precor,
565 3169 707 3238 miserere,
727 3168 839 3243 inquit5
860 3166 966 3245 tuque,
986 3173 1113 3248 optima,

384 3275 503 3336 terrum,
