2509 3875
251 313 283 351 v.
295 302 364 365 732.
564 297 591 352 L
602 295 617 352 1
630 295 664 352 B.
704 293 756 351 vl.
1016 305 1052 368 91

255 448 437 525 Terreniqne
455 449 696 521 hebetantem,
716 448 943 525 moribundaque
962 467 1052 508 mem·

337 553 398 609 bra.

255 650 339 710 Hinc
350 661 495 723 metuunt,
513 653 705 732 cupiuntque;
726 653 832 724 dolent,
853 654 1052 730 gaudentque5

336 774 432 830 neque
449 775 531 814 auran

257 857 435 933 Dispiciunt,
453 857 557 915 clause
568 856 703 926 tenebris,
721 865 753 914 et
763 873 875 914 caraem
889 875 974 914 caeco.

221 953 225 959 “
259 959 344 1017 Quin
355 969 396 1028 et,
414 959 546 1035 supremo
558 977 649 1035 quum
661 957 771 1016 lumine
783 958 842 1016 vita
855 957 981 1034 reliquit,

257 1063 330 1120 Non
351 1069 448 1120 tamen
469 1081 556 1120 omne
574 1062 685 1120 malum
706 1061 823 1130 miserie,
848 1080 901 1120 nec
921 1063 1052 1123 fonditus

336 1183 436 1221 omnes

258 1268 411 1342 Corporeae
420 1266 563 1324 excedunt
574 1265 675 1343 pestes:
696 1266 866 1343 penitusque
878 1253 987 1326 nec'effe
999 1269 1039 1328 est

257 1369 356 1427 Multa
368 1369 418 1426 din
431 1378 564 1426 concreta
575 1369 668 1428 modii
680 1367 833 1428 inolescere
845 1369 934 1428 miris.

260 1472 337 1546 llrgo
349 1480 517 1528 exercentur
527 1470 629 1547 punis,
648 1482 832 1547 veterumque
844 1473 984 1531 malorum
1013 1523 1015 1529 .

257 1572 404 1648 Supplicia
415 1572 594 1648 expendunt.
631 1573 708 1632 Aliae
720 1573 884 1648 panduntur
896 1573 998 1644 inanis,

164 1710 167 1721 ·
258 1673 414 1750 Saepcule,
433 1675 594 1732 adventor:
615 1674 679 1732 aliie
691 1673 744 1732 sub
757 1674 872 1752 gurgite
883 1677 959 1734 vallo
1015 1697 1017 1705 ’

257 1776 403 1840 Infestum
415 1775 523 1833 eluitur
533 1776 623 1833 scelus
629 1801 639 1847 i
659 1783 710 1832 aut
721 1777 850 1834 exuritur
863 1776 934 1852 igni.

259 1877 392 1954 Quisque
411 1876 483 1947 suos,
503 1877 639 1955 patimur,
658 1877 753 1933 Manis
763 1898 776 1931 :1
796 1877 901 1934 exinde
920 1897 972 1955 per
991 1899 1051 1939 am·

258 2030 262 2038 .
296 2024 300 2030 .
335 1980 418 2057 plum

257 2082 408 2141 Mittimur
421 2082 556 2159 Elysium,
575 2090 605 2139 et
617 2081 701 2158 pauci
718 2081 783 2139 laeta
796 2100 861 2139 arva
875 2090 1016 2144 tenemus:

257 2187 361 2243 Donec
372 2186 459 2262 longa
471 2186 540 2254 dies,
558 2172 684 2259 perfodio
697 2184 831 2261 temporis
842 2187 920 2255 orbe,

256 2288 551 2347 Concretam'exemit
563 2288 666 2355 labem,
685 2306 846 2363 purumque
859 2288 975 2365 reliquit
1095 2358 1097 2361 ¹

257 2390 428 2447 AEtherium
439 2388 562 2458 sensum,
581 2398 666 2464 atque
679 2390 758 2447 aurai
776 2392 909 2468 simplicis
922 2392 1031 2470 ignem.

257 2492 320 2549 Has
333 2490 435 2559 omnis,
454 2490 505 2549 ubi
517 2490 598 2548 mille
610 2502 702 2549 rotam
714 2492 828 2551 volvere
839 2514 891 2570 per
903 2514 1001 2565 annos,

257 2592 411 2659 Lethaeum
423 2594 460 2649 ad
471 2592 594 2651 fluvium
607 2594 676 2653 deus
689 2607 787 2653 evocat
800 2596 915 2672 agmine
927 2616 1033 2673 magno

257 2694 374 2751 Scilicet
379 2720 387 2764 5
408 2694 579 2752 inmemores
591 2695 737 2771 superent
751 2716 878 2755 convexa
890 2697 1012 2755 revisant

259 2796 375 2865 Rursus,
394 2784 425 2853 et
437 2796 577 2873 incipiant
588 2797 620 2853 in
634 2798 833 2874 corporavelle
847 2798 959 2855 reverti.
1056 2832 1059 2841 ·

263 2899 381 2957 Dixerat
391 2898 545 2957 Anchises:
568 2909 735 2974 natumque,
752 2900 874 2975 unique,
894 2898 1032 2975 Sibyllam

260 3002 427 3059 Conventus
436 3001 526 3059 trahit
535 3000 567 3057 in
578 3000 696 3069 medios,
708 3002 877 3075 turbamque
886 3000 1033 3061 sonantem
1037 3028 1048 3075 ς

258 3103 297 3174 Et
311 3103 454 3161 tumulum
467 3102 555 3178 capit,
568 3103 645 3158 unde
657 3102 749 3159 omnis
758 3086 845 3177 longo
857 3103 956 3163 ordine
968 3106 1050 3183 poffit

258 3205 399 3264 Adversoe
410 3206 514 3281 legere,
534 3212 564 3260 et
575 3204 742 3260 venientum
755 3202 860 3263 discere
871 3208 971 3266 voltus.
