2509 3875
219 276 330 336 eam.
405 347 408 353 Ι
477 317 481 327 .
527 278 625 335 LIB.
665 277 733 334 VII.
927 287 1015 334 ,ιιι

217 431 286 508 Ipse
299 431 388 489 deum
400 431 549 507 antiquam
560 432 673 508 genitor
686 432 832 508 Calydona
845 430 960 488 Diauae:

220 534 312 591 Quod
333 532 424 590 scelus
441 543 491 590 aut
505 533 640 610 Lapithas
659 543 782 603 tantum,
802 544 851 592 aut
869 534 1015 610 Calydona

242 645 250 678 ί
284 638 474 692 merentem?

219 738 274 795 Ast
286 756 351 813 ego,
374 755 479 813 magua
492 737 570 813 Jovis
582 735 716 813 conjunx,
737 736 779 794 nil
791 735 919 811 linquere
932 737 1015 794 inau-

298 839 361 895 sum
506 825 510 830 “

221 942 298 998 Quae
310 940 393 1016 potui
409 939 522 1010 infelix,
542 959 607 1015 quae
619 948 727 998 memet
738 941 769 997 in
782 939 878 997 omnia
892 940 973 1009 verti,

219 1043 329 1098 Vincor
339 1044 375 1099 ab
384 1042 489 1098 AEned.
531 1042 628 1111 Quod,
643 1042 662 1098 fi
674 1059 737 1098 mea
748 1041 865 1100 numina
876 1061 933 1098 non
946 1042 1013 1100 sunt

219 1145 330 1220 Magna
355 1143 429 1211 satis,
460 1142 590 1201 dubitem
615 1143 692 1200 haud
713 1144 846 1220 equidem
871 1146 1011 1221 inplorare

237 1284 240 1290 «
297 1246 374 1320 quod
386 1264 508 1320 usquam
520 1244 572 1301 cst:

217 1350 343 1407 Flectere
356 1349 377 1405 fi
391 1367 502 1423 nequeo
516 1349 644 1423 Superos,
663 1348 826 1406 Acheronta
841 1353 971 1408 movebo.

217 1452 288 1510 Non
301 1450 416 1508 dabitur
427 1449 531 1526 regnis,
550 1450 615 1517 esto,
635 1450 784 1525 prohibere
796 1452 914 1522 Latinis,

216 1558 316 1630 Atque
328 1553 437 1610 inmota
450 1562 547 1608 manet
559 1552 625 1608 fatis
638 1553 756 1610 Lavinia
770 1553 893 1630 conjunx
898 1579 906 1624 3

217 1658 260 1713 At
273 1656 394 1724 trahere,
414 1663 499 1729 atque
512 1672 604 1710 moras
617 1652 703 1710 tantis
716 1654 784 1711 licet
797 1657 899 1712 addere
912 1659 1007 1716 rebus:

216 1760 261 1814 At
273 1757 341 1813 licet
355 1758 503 1813 amborum
516 1755 635 1830 populos
648 1755 810 1814 exscindere
823 1776 931 1833 regum.

215 1860 281 1916 Hac
295 1877 384 1934 gener
396 1867 481 1932 atque
494 1856 571 1913 socer
582 1857 684 1912 coeant
696 1859 826 1914 mercede
838 1857 961 1916 suorum.

173 2022 178 2029 ,
217 1962 362 2038 Sanguine
374 1959 507 2035 Trojano,
527 1968 557 2015 et
568 1957 684 2027 Rutulo,
705 1958 846 2025 dotabere,
866 1960 946 2035 virgo
953 1984 962 2029 ς

215 2065 255 2121 Et
266 2065 382 2122 Bellona
396 2072 493 2119 manet
506 2070 534 2117 te
546 2060 683 2135 pronuba.
724 2060 788 2117 Nec
801 2060 863 2117 face
877 2071 989 2119 tantum

216 2168 315 2225 Ciffeis
326 2184 484 2245 praegnans,
503 2164 579 2240 ignis
592 2162 677 2220 enixa
685 2160 791 2238 jugalis
797 2187 806 2235 3

216 2271 297 2328 Quin
312 2271 389 2327 idem
401 2267 508 2325 Veneri
520 2265 704 2343 pannulum,
725 2275 754 2322 et
767 2266 842 2323 Paris
852 2254 932 2337 alter,

215 2374 398 2449 Funestaeque
410 2371 516 2445 iterum
528 2368 653 2427 recidiva
666 2368 697 2425 iu
711 2370 845 2445 Pergama
859 2372 949 2429 taedae.

253 2479 325 2535 Haec
337 2476 389 2533 ubi
401 2474 476 2532 ditia
490 2474 578 2541 dedit,
599 2482 686 2529 terras
698 2472 836 2531 horrenda
850 2475 966 2550 petivit:

96 2648 142 2653 m
214 2580 383 2638 Ludificam
396 2578 508 2635 Allecto
521 2577 646 2633 dirarum
660 2576 696 2631 ab
708 2576 772 2633 sede
785 2578 901 2635 dearum

212 2683 394 2757 Infemisque
406 2681 462 2737 ciet
475 2678 598 2737 tenebris
603 2702 611 2748 ;
634 2678 680 2734 cui
694 2678 783 2735 tristia
797 2682 880 2749 bella,

212 2787 332 2860 Iraeque,
352 2782 525 2857 insidiaeque,
546 2790 576 2838 et
588 2775 708 2837 crimina
726 2780 820 2849 noxia,
841 2780 928 2838 cordi.

213 2888 286 2945 Odit
299 2886 400 2962 etipse
412 2895 492 2961 pater
504 2884 616 2952 Pluton,
637 2884 720 2939 odere
733 2883 838 2939 sorores

211 2992 364 3056 Tartareae,
384 2988 553 3044 monstrum:
577 2994 620 3043 tot
633 2984 691 3041 sese
703 2985 788 3043 vertit
802 2984 831 3040 in
845 3004 902 3050 ora,

211 3094 287 3149 Tam
299 3092 378 3149 saevae
391 3091 486 3159 facies,
507 3098 549 3148 tot
562 3088 684 3165 pullulat
697 3099 755 3145 atra
768 3086 897 3144 colubris.

216 3195 313 3252 Quam
324 3195 400 3272 Juno
413 3192 457 3250 his
470 3193 548 3253 acuit
560 3191 661 3261 verbis,
676 3210 715 3258 ‚ac
728 3190 794 3249 talia
808 3188 900 3246 futur:
