2509 3875
276 352 313 407 l!
539 345 816 414 AENEIDOS‚
964 350 1065 401 v432

273 504 339 561 Nec
348 504 469 580 pulchro
478 514 511 562 ut
519 506 603 565 Latio
612 512 716 576 careat,
724 519 903 581 regnumque
911 498 1073 574 relinquat:

274 606 401 684 Tempus
413 607 499 665 inune
512 617 588 684 peto,
609 606 738 683 requiem
753 603 936 682 spatiumque
948 599 1054 672 furori;

221 741 224 751 ·
274 709 354 765 Dum
368 728 431 767 mea
444 728 491 766 me
503 709 608 768 victam
620 710 722 767 doceat
734 708 849 765 fortuna
862 705 968 763 dolere.

274 810 442 871 Extremam
455 811 530 868 hanc
543 830 592 869 oro
604 810 734 881 veniam3
755 807 888 867 miserere
900 806 1016 865 sororini

276 912 374 969 Quam
388 912 463 970 mihi
476 930 567 987 quum
584 912 704 984 dederis,
724 911 901 969 cumulatam
918 919 1013 967 morte
1029 927 1091 966 re·-

391 1014 516 1072 mittam.

312 1116 433 1174 Talibus
445 1119 553 1186 orabat,
573 1116 696 1193 talisque
707 1112 866 1174 miserrima
878 1114 963 1171 fletus

275 1218 407 1293 Fertque,
426 1218 580 1295 refertque,
601 1218 693 1276 soror:
716 1217 764 1276 sed
777 1216 864 1274 nullis
875 1216 927 1274 ille
942 1222 1077 1274 movetur

275 1319 410 1389 Fletibus,
432 1330 482 1379 aut
495 1338 578 1381 voces
592 1320 666 1378 ullas
679 1319 834 1378 tractabilis
846 1318 941 1387 audit3

274 1422 344 1480 Fata
356 1422 475 1491 obstant,
492 1422 741 1500 placidasque'viri
755 1423 824 1480 deus
837 1420 957 1479 obstruit
968 1420 1055 1478 auris.

275 1525 321 1582 Ac
334 1523 423 1595 velut,
444 1524 549 1582 annoso
562 1526 688 1583 validam
700 1541 791 1601 quum
804 1526 904 1583 robore
917 1542 1054 1599 quercum
1085 1556 1095 1572 ·

275 1626 379 1703 Alpini
392 1628 496 1695 Boreae,
516 1644 593 1683 nunc
605 1626 684 1696 hinc,
704 1646 782 1685 nunc
794 1627 911 1684 flatibus
922 1625 1005 1683 illinc
1023 1705 1025 1708 Ι

276 1729 384 1787 Emere
397 1728 473 1786 inter
486 1728 517 1786 se'
527 1737 638 1786 certant
643 1754 652 1801 3
673 1729 697 1786 it
710 1729 818 1796 stridor,
837 1737 867 1786 et
880 1728 937 1785 alte

275 1830 468 1889 Constemunt
481 1840 594 1901 terram,
615 1830 747 1888 concuffo
760 1830 864 1906 stipite,
883 1829 1014 1900 frondem

276 1932 339 2010 ipsa
352 1933 442 1992 haeret
456 1932 591 2011 scopulis3
613 1943 651 2003 et,
669 1941 811 2009 quantum
823 1931 930 1990 vertice
943 1932 979 1990 ad
992 1950 1078 1991 auras

275 2037 433 2106 AEtherias,
454 2046 571 2094 tantum
581 2037 677 2094 radice
689 2036 721 2092 in
734 2037 854 2093 Tartara
868 2033 975 2092 tendit:

275 2141 364 2197 Haud
372 2139 450 2198 secus
460 2137 581 2196 adsiduis
591 2139 669 2207 hinc,
680 2150 766 2214 atque
775 2139 854 2207 hinc,
863 2138 981 2197 vocibus
992 2138 1077 2196 heros

274 2240 430 2309 Tunditur,
449 2249 479 2297 et
491 2259 597 2317 magno
609 2241 748 2318 persentit
760 2243 872 2316 pectore
886 2258 981 2298 curas:
1086 2239 1090 2245 “

275 2343 361 2400 Mens
373 2342 483 2400 inmota
496 2353 595 2406 manet
600 2367 609 2415 ς
631 2343 756 2400 lacrimae
768 2343 925 2400 volvuntur
936 2344 1045 2400 inanes.

313 2445 392 2501 Tum
404 2461 471 2501 vero
483 2443 596 2515 infelix,
616 2445 683 2502 fatis
695 2445 839 2513 exterrita,
859 2445 937 2502 Dido

275 2547 403 2606 Mortem
415 2555 491 2617 orat;
512 2547 599 2604 taedet
616 2547 681 2604 coeli
693 2566 821 2605 convexa
834 2547 916 2605 tueri.

276 2652 346 2709 Quo
356 2649 447 2727 magis
460 2650 607 2727 inceptum
618 2655 744 2727 peragat,
758 2651 910 2727 lucemque
920 2651 1075 2726 relinquat,

275 2753 367 2822 Vidit,
380 2752 539 2810 turicremis
552 2771 643 2827 quum
655 2752 730 2810 dona
743 2753 894 2828 inponeret
907 2753 972 2819 aris,

275 2855 460 2913 Horrendum
471 2853 563 2912 dictu!
584 2854 683 2912 latices
696 2855 854 2932 nigrescere
866 2855 968 2924 sacros,

276 2955 404 3032 Fusaque
416 2955 447 3013 in
460 2955 614 3034 obscenum
627 2955 656 3013 se
668 2968 777 3014 vertere
788 2957 854 3015 vina
868 2976 1008 3016 cruorem.
1079 2991 1083 2998 ι

275 3058 341 3116 Hoc
352 3057 446 3116 visum
459 3057 543 3127 nulli,
562 3076 620 3114 non
634 3058 686 3135 ipsi
699 3057 784 3116 effata
796 3059 893 3117 sorori.

275 3147 421 3228 Praeterea',
435 3159 493 3216 fuit
505 3159 536 3216 in
551 3159 633 3216 tectis
645 3161 681 3217 de
693 3179 834 3218 manuore
847 3161 988 3237 templum

276 3259 414 3338 Conjugis
426 3260 547 3336 antiqui,
567 3260 643 3320 miro
654 3263 731 3339 quod
747 3261 855 3322 honore
871 3263 992 3329 colebat,

1079 3165 1082 3169 s
1163 3080 1171 3445 l
