2509 3875
242 341 299 396 140
500 331 776 402 AENEIDos
926 335 1037 395 ιΏδ.

236 489 347 568 Dejecit
360 489 469 557 saxum
488 489 564 548 serre
576 489 655 564 quod
668 497 699 546 et
711 497 772 546 arte
784 486 903 564 paterni

237 594 391 660 Pendebat,
410 592 554 667 fultosque
565 591 688 650 emuniit
700 589 792 668 objice
802 591 901 668 postea,

237 696 325 756 Eccel
346 696 443 755 furens
455 694 567 765 animis,
586 695 685 752 aderat
695 694 865 771 Tirynthius
870 719 879 766 3
899 714 1031 754 omnem·

315 816 372 874 que

238 900 392 961 Adcesl'um
404 900 532 968 lustrans,
551 901 609 958 hue
620 919 669 960 ora
682 901 799 969 ferebat,
819 909 850 958 et
861 901 939 970 illuc,

236 1005 380 1062 Dentibus
392 1003 567 1062 infrendens.
604 1003 664 1062 Ter
677 1012 779 1072 totum,
799 1003 924 1062 fervidus
936 1004 987 1074 irs,

236 1108 349 1175 Lustrat
359 1107 500 1166 Aventini
511 1115 639 1165 montem
645 1131 654 1177 3
677 1115 719 1164 ter
731 1106 813 1164 saxea
827 1116 919 1166 tentat

234 1211 350 1270 Limina
362 1211 554 1286 nequidquam
560 1234 569 1281 ς
590 1218 634 1266 ter
646 1208 730 1268 fellus
742 1210 815 1268 valle
828 1209 941 1270 resedit.

236 1315 335 1372 Stabat
346 1324 430 1372 acuta
443 1314 520 1382 filex,
539 1312 659 1390 praecisis
672 1312 798 1388 undique
811 1311 894 1381 saxis,

236 1393 385 1493 Speluncae
396 1416 478 1474 dorso
489 1415 649 1492 insurgens,
668 1415 800 1476 altisllma
814 1415 891 1488 visu3

236 1519 372 1578 Dirarurn
384 1519 459 1577 nidis
470 1517 572 1577 domus
583 1528 743 1597 opportuna
755 1519 917 1578 volucrum:

236 1623 331 1692 Hanc,
350 1632 384 1680 ut
401 1641 491 1702 prona
505 1621 578 1700 jugo
593 1623 699 1682 laevum
716 1623 900 1682 incumbebat
914 1623 950 1681 ad
967 1643 1029 1682 am·

315 1746 392 1796 nem,

237 1830 356 1899 Dexter,
375 1829 406 1886 in
419 1829 568 1889 adversum
580 1829 683 1899 nitens,
703 1827 850 1899 concnllit,
870 1837 899 1886 et
911 1828 977 1888 imis
1002 1823 1004 1828 ’

236 1932 376 1993 Avolsam
389 1932 473 1993 solvit
484 1933 640 2007 radicibus;
660 1932 729 1993 inde
742 1940 859 2010 repente

235 2036 360 2113 Inpulit:
382 2036 497 2113 inpulsu
509 2057 567 2113 qno
579 2030 730 2097 maxumus
741 2034 855 2095 insonat
867 2036 964 2104 aether,

235 2140 395 2199 Dissultant
406 2141 484 2216 ripae,
504 2139 657 2217 refluitque
670 2140 820 2199 exterritus
833 2140 932 2199 amnis.

236 2242 279 2303 At
292 2243 399 2320 specus,
418 2251 445 2299 et
460 2242 531 2301 Caci
543 2243 653 2301 deusta
666 2242 796 2319 adparuit
808 2243 910 2319 ingens

237 2345 338 2421 Regia,
357 2354 387 2401 et
399 2343 539 2401 umbrosa
550 2346 665 2421 penitus
680 2355 797 2421 patuere
809 2364 949 2403 cavemae:
1067 2388 1070 2394 .

236 2448 306 2507 Non
319 2447 397 2505 secus
410 2466 452 2516 ac,
472 2447 494 2504 fi
507 2448 563 2523 qui
575 2448 690 2523 penitus
702 2447 732 2507 vi
745 2456 819 2506 terra
832 2446 979 2509 dehiscens

237 2550 367 2609 Infernas
379 2548 483 2607 reseret
495 2549 582 2618 sedes,
601 2559 631 2609 et
644 2570 732 2629 regna
745 2552 871 2609 recludat

237 2652 353 2721 Pallida,
373 2652 416 2709 dis
426 2652 527 2722 invisa,
547 2654 685 2730 superque
696 2656 812 2715 inmane
825 2654 990 2713 barathrum

238 2759 387 2825 Cernatur,
407 2755 550 2831 trepident
561 2757 675 2816 inmisso
688 2758 797 2817 lumine
810 2758 921 2817 Manes.

236 2862 322 2937 Ergo,
341 2860 481 2937 insperati
494 2860 663 2937 deprensum
676 2861 708 2919 in
722 2862 787 2919 luce
798 2872 923 2937 repente,

237 2964 439 3040 Inclusumque
452 2983 522 3021 cavo
533 2963 610 3032 saxo,
630 2972 715 3040 atque
727 2964 837 3023 insueta
849 2966 1008 3035 rudentem,

237 3064 366 3143 Desuper
378 3067 495 3126 Alcides
508 3067 572 3126 telis
583 3067 697 3143 premit,
717 3068 870 3145 omniaque
883 3084 961 3129 arma

236 3170 376 3238 Advocat,
396 3180 425 3227 et
437 3171 523 3229 ramis
534 3170 672 3247 vastisque
684 3172 838 3233 molaribus
849 3172 944 3231 instat.
973 3244 974 3248 ἵ

237 3272 291 3330 Ille
304 3282 410 3343 autem,
420 3292 513 3350 neque
523 3274 601 3335 enim
610 3275 681 3353 fuga
689 3274 750 3354 jam
761 3275 842 3355 super
850 3276 909 3335 ulla
920 3274 1027 3353 pericli,
