2509 3875
259 308 324 371 aro
522 310 799 383 munrnos,
949 314 1070 367 vasa

259 468 335 526 Mox
347 464 412 525 illoa
424 466 475 525 sua
489 467 549 527 sata
562 478 682 529 manent
694 468 801 547 majore
812 467 866 527 sub
877 465 968 527 hoste.
1068 468 1074 477 “

300 573 423 641 Interea,
443 571 521 631 soror
533 574 608 633 alma
621 584 722 632 monet
733 572 897 631 succurrere
908 569 1002 629 Lauso
1068 570 1075 577 ”

260 676 407 747 Turnum3
429 675 481 753 qui
493 675 846 735 volucricurrumedium
859 672 937 731 secat
948 688 1066 747 agmen.
1175 723 1178 732 .

261 779 306 838 ut
319 777 393 837 auu
406 777 510 837 socru:
532 778 661 857 Tempus
673 777 935 855 defistempugnoea
1167 753 1179 839 l

261 880 343 941 Solus
355 880 454 959 egeln
469 880 596 939 Pallanta
609 881 700 953 ἱστοῖς
722 879 776 938 soli
788 878 863 938 mibi
876 876 966 936 Pallas

137 992 142 1001 '
263 984 408 1043 Debetur:
431 1002 576 1060 cuperem,
595 982 656 1060 ipse
668 1002 770 1059 pareus
785 981 924 1059 speetator
935 978 1054 1037 adesset.
1069 998 1074 1005 ·
1155 936 1163 1032 i

263 1086 337 1145 Haec
350 1085 389 1143 ait
396 1108 406 1157 5
427 1093 457 1145 et
469 1082 539 1143 socii
551 1084 691 1143 cessenmt
701 1103 815 1161 aequore
823 1082 908 1160 juffo.

263 1190 316 1257 nt,
337 1187 480 1245 Rutulllm
492 1186 627 1256 abscessu,
642 1186 758 1263 juvenis
770 1197 843 1256 tum,
859 1183 932 1263 jussa
944 1172 1070 1260 superba
1154 1189 1159 1210 '

263 1290 399 1358 Miratus,
420 1290 512 1364 stupet
524 1288 556 1347 iu
569 1290 686 1347 Turno:
707 1306 867 1366 corpusque
881 1306 932 1364 per
943 1286 1050 1362 ingene

265 1392 391 1459 Lumina
405 1391 504 1460 volvit,
524 1390 644 1468 obitque
657 1393 731 1450 truci
743 1390 844 1468 procul
854 1389 953 1447 omnia
965 1387 1030 1447 visu
1037 1412 1048 1460 ς

263 1494 387 1555 Talibus
400 1502 430 1551 et
443 1492 525 1551 dietis
537 1494 563 1551 it
575 1504 675 1552 contra
688 1493 764 1552 dieta
778 1492 909 1571 tyranni:

266 1600 330 1657 Aut
341 1596 439 1675 spoliis
453 1614 507 1673 ege
517 1595 578 1673 jam
592 1596 682 1673 raptis
694 1596 832 1655 laudabor
844 1594 957 1673 opimis,
1025 1661 1031 1668 ᾗ
1154 1503 1181 1712 'l

264 1704 329 1759 Aut
341 1700 401 1759 leto
413 1699 529 1776 iufigni.
570 1700 644 1757 Serti
657 1708 738 1776 pater
750 1717 849 1775 aequus
860 1697 977 1772 utrique
989 1696 1049 1754 est:

206 1820 208 1826 ’
265 1803 349 1862 Tolle
362 1802 464 1861 mitras.
505 1800 590 1863 Fatus
606 1802 735 1859 medium
747 1800 877 1878 procedit
890 1799 922 1857 in
934 1817 1049 1874 aequor:

268 1907 401 1986 Frigidus
415 1904 575 1966 Arcadibus
588 1903 692 1963 coitio
704 1902 859 1982 praecordia
872 1901 998 1979 sanguia.

267 2009 392 2078 Desiluit
402 2011 519 2068 Turnus
532 2005 651 2086 bijugia3
671 2008 758 2084 pedes
770 2007 889 2082 adparat
899 2005 943 2062 ire
1046 2053 1050 2058 .

269 2113 449 2173 Comminus.
483 2111 584 2187 thue
597 2111 652 2178 leo,
671 2109 786 2186 specula
799 2127 868 2166 cum
878 2107 953 2166 vidit
963 2109 1001 2165 ab
1014 2108 1081 2166 alra·
1179 2183 1181 2190 Ι

269 2219 349 2276 Stare
367 2214 467 2292 procul
485 2212 602 2291 campis,
623 2211 813 2270 meditantem
826 2211 857 2268 iu
877 2210 987 2288 proelia‚
1008 2220 1076 2286 tau-
1163 2215 1166 2222 '

347 2337 423 2388 rum,

269 2419 396 2480 Advolat
404 2443 411 2488 ς
434 2418 513 2476 haud
524 2417 580 2474 alia
594 2415 635 2476 ess
643 2416 739 2474 Turni
754 2417 894 2476 venientis
906 2417 1012 2494 imago.

309 2522 400 2580 Hunc
412 2519 464 2578 ubi
477 2519 649 2596 contiguum
663 2519 752 2576 miffae
768 2521 831 2577 fore
842 2519 964 2578 credidit
975 2519 1074 2592 hana,

271 2627 318 2684 Ire
330 2623 408 2702 prior
421 2621 521 2690 Pallas,
541 2621 563 2678 sr
576 2621 634 2698 qud
646 2621 705 2678 fors
717 2621 833 2698 adjuvet
845 2622 947 2681 ausum
1033 2687 1038 2692 ,

270 2730 390 2790 Viribus
409 2723 554 2804 inparibus
558 2749 568 2797 3
589 2742 786 2800 magnumque
797 2724 840 2782 ita
856 2726 892 2783 ad
909 2725 1017 2784 athera
1029 2726 1076 2785 sa·

350 2841 410 2890 tur:
1041 2876 1046 2882 .
1078 2832 1083 2841 '

272 2935 326 2998 Per
336 2933 423 3012 patrie
433 2929 599 3010 hospitium,
609 2940 639 2987 et
653 2929 772 3001 mensas,
781 2949 851 3006 quas
862 2933 971 2990 advena
981 2922 1078 3004 adisti,
1179 2962 1180 2979 κ

271 3034 437 3115 Τόρῐοεοτ,
458 3033 571 3106 Alcide,
592 3033 693 3110 coeptis
705 3033 874 3109 ingentibus
886 3034 972 3092 adsis:
988 3101 992 3106 .

272 3143 400 3199 Cemaut
415 3137 551 3198 semineci
564 3136 617 3195 fibi
629 3155 677 3194 me
689 3154 789 3213 rapere
802 3155 880 3194 arma
894 3141 1022 3207 cruenta,

272 3233 476 3319 vietor-enque
490 3241 590 3320 serant¹
597 3240 752 3300 morientia
768 3240 879 3314 lumina
893 3240 995 3298 Turni.
1076 3245 1082 3284 1'
