2509 3875
263 386 320 447 sen
519 390 605 449 AEN
617 388 766 448 EIDO‘
766 390 795 460 S,
947 395 1068 447 sama

297 543 475 621 Obstupuere
487 544 591 603 animia
604 544 719 603 Rutuli:
741 541 911 602 conterritus
922 541 983 619 ipse
1064 550 1069 556 “

258 646 394 705 Turbatis
407 645 550 723 Messapus
563 647 658 724 cquis:
679 648 829 705 cundtatur
840 656 871 703 et
882 645 984 715 amnis,

259 748 356 807 Rauca
365 748 474 817 sonans,
484 758 654 825 revocatque
662 749 765 825 pedem
774 747 928 806 Tiberinus
936 748 974 805 ab
983 746 1055 806 alto.

258 850 302 909 At
315 868 373 907 nou
386 849 487 908 audaci
500 848 578 909 cellit
591 850 698 909 fiducia
709 852 823 920 Turum

258 950 468 1025 Ultroanirnos
482 952 557 1009 tollit
570 950 662 1022 distis,
682 961 768 1027 atque
780 952 909 1028 increpat
921 950 1012 1008 ultro:

258 1052 397 1129 Trojanos
410 1052 471 1109 haec
483 1053 605 1111 monstra
617 1062 721 1129 petunt
728 1078 738 1124 3
757 1053 803 1111 his
814 1053 947 1130 Juppiter
957 1052 1018 1129 ipse
1058 1066 1062 1071 ’

258 1154 413 1213 Auxilium
427 1153 542 1211 solitum
555 1154 672 1231 eripuit:
697 1173 756 1213 non
770 1154 837 1224 tela,
858 1174 911 1213 nec
923 1155 1013 1230 ignes,

258 1254 433 1332 Exspeaant
445 1255 574 1313 Rutulos.
614 1256 692 1332 Ergo
704 1256 793 1313 maria
805 1255 884 1314 insin
894 1254 1024 1325 Teucris,

258 1358 324 1417 Nec
337 1359 398 1434 spes
410 1358 470 1415 ulla
480 1357 572 1434 fugae3
594 1376 691 1415 rerum
700 1377 764 1435 pars
774 1358 862 1416 altera
873 1359 986 1417 ademta
997 1358 1052 1416 ests

256 1461 346 1518 Terra
358 1469 454 1517 autern
464 1459 495 1517 in
506 1458 605 1517 nostris
614 1459 747 1517 manibus
754 1482 763 1530 ς
785 1468 828 1517 tot
839 1460 939 1529 millia,
953 1466 1053 1535 gentes

258 1562 349 1621 Arma
363 1560 460 1619 serunt
472 1560 560 1619 Italae.
601 1560 655 1617 Nil
667 1579 715 1618 me
727 1559 825 1619 satalia
838 1570 953 1631 terrent,
1055 1608 1058 1615 .

259 1663 288 1722 Si
301 1683 357 1740 qua
370 1662 494 1739 Phryges
506 1681 564 1740 prae
577 1660 606 1719 se
615 1661 733 1740 judlant,
753 1662 883 1740 responsa
895 1664 1021 1723 deorum,

259 1766 308 1825 Sat
321 1764 397 1823 Fatis
409 1763 574 1839 Venerique
585 1765 694 1834 datum,
715 1764 834 1841 tetigere
847 1766 924 1840 quod
936 1784 1002 1823 arva
1040 1818 1043 1823 .

257 1868 369 1927 Fertilis
382 1866 519 1925 Ausoniae
531 1866 636 1923 Troes:
658 1866 767 1924 suntet
780 1856 842 1923 mea
857 1876 955 1925 contra

257 1970 329 2028 Fata
339 1969 422 2039 mihi,
441 1970 518 2027 serro
531 1967 695 2026 sceleratam
712 1968 873 2026 exscindere
885 1977 1013 2044 gentem,

257 2070 389 2148 conjuge
402 2070 555 2148 praereptl3
579 2089 633 2128 nec
646 2069 718 2127 solos
731 2070 823 2146 tangit
838 2071 954 2129 Atridas

256 2174 311 2231 Iste
322 2173 411 2242 dolor,
432 2171 552 2246 solisque
565 2171 633 2228 licet
645 2190 744 2247 capere
756 2191 834 2229 arma
848 2172 990 2248 Mycenis.

257 2274 313 2332 Sed
325 2273 437 2348 periisse
448 2271 536 2330 semel
550 2270 615 2329 satis
627 2272 677 2330 est.
717 2274 835 2331 Peccare
848 2274 944 2332 suisset

257 2377 337 2434 Ante
349 2373 425 2443 satis,
445 2372 559 2449 penitus
572 2374 658 2430 modo
671 2393 729 2430 non
742 2394 831 2450 genus
844 2395 929 2433 omne
942 2375 1055 2452 perosos

257 2474 435 2534 Femineum.
476 2473 592 2532 Quibus
605 2474 667 2532 haec
680 2475 768 2533 medii
782 2477 887 2534 fiducia
897 2477 974 2547 valli,

257 2577 458 2650 Faunumque
470 2594 566 2644 morae,
586 2575 636 2633 leti
650 2576 812 2635 discrimina
825 2598 921 2654 parva,

256 2681 338 2740 Dant
350 2677 469 2738 animos.
508 2677 551 2735 At
564 2696 621 2735 non
636 2678 769 2736 viderunt
782 2681 888 2738 muenia
900 2681 1004 2759 Trojae‚

256 2780 389 2860 Neptuni
403 2779 541 2838 fabricata
554 2798 653 2848 manu,
672 2781 815 2840 confidere
828 2783 858 2839 in
872 2783 963 2860 ignis?

258 2886 313 2944 Sed
327 2903 384 2951 vos,
404 2879 514 2939 elesii!
536 2881 611 2938 serto
624 2881 673 2956 qui
690 2880 817 2940 scindere
830 2885 937 2942 vallum

257 2987 395 3064 Adparet,
415 2993 445 3042 et
457 3001 570 3040 mecum
583 2981 694 3039 invadit
708 2984 878 3059 trepidantia
891 2988 995 3045 casira?

256 3090 327 3147 Nou
340 3086 425 3146 armis
438 3084 511 3142 mihi
523 3083 654 3153 Volcani,
675 3103 733 3141 non
747 3085 828 3143 mille
840 3089 944 3146 carinis
1051 3109 1056 3118 ¹

257 3191 306 3248 Est
317 3209 388 3266 opus
401 3189 432 3245 in
442 3189 577 3246 Teucros.
614 3185 734 3244 Addant
746 3185 775 3244 se
788 3198 923 3264 protenus
935 3210 1050 3252 omnes.

257 3291 368 3351 Etrusci
381 3289 482 3363 soci0s3
504 3291 634 3348 tenebras
646 3298 676 3348 et
687 3288 791 3349 inertia
803 3290 881 3353 surm

1181 1803 1189 1846 l
