2509 3875
84 302 85 311 ,
167 248 277 313 u775a
473 240 571 300 ΜΒ.
611 241 665 300 ΧΙ.
904 248 966 313 259

170 395 294 467 Caffide5
322 402 386 455 tum
406 412 533 457 croceam
555 395 808 472 chlamydemque·
831 395 964 471 unusque

245 498 385 573 crepantis
398 520 401 533 ³

169 599 330 669 Carbaseos,
352 600 432 659 fulvo
444 600 476 660 in
490 601 598 659 nodum
610 600 773 675 conlegerat
785 617 854 657 auro
860 623 869 669 3

84 726 85 733 ¹
169 702 262 765 Pictus
275 720 328 765 acu
343 700 462 772 tunicas,
483 710 512 759 et
526 704 643 759 barbara
656 701 784 777 tegmina
797 719 922 769 crurum.
1043 761 1048 770 ,

168 804 256 865 Hunc
268 804 358 879 virgo,
379 804 434 862 five
449 813 481 859 ut
494 803 607 879 templis
620 785 780 880 praefigeret
793 822 872 859 arma

169 905 264 973 Troia,
284 904 396 981 captivo
408 905 464 963 five
477 915 510 963 ut
524 904 553 961 se
565 906 652 963 ferret
664 906 694 962 in
708 925 786 974 auro,

168 1008 317 1075 venatrix,
337 1026 428 1067 unum
440 1026 477 1066 ex
489 1007 569 1065 omni
582 1007 738 1065 certamine
750 1026 855 1083 pugnae

169 1112 252 1173 Caeca
264 1110 433 1185 sequebatur
437 1134 446 1179 ς
467 1120 617 1185 totumque
629 1109 744 1167 incauta
756 1127 808 1185 per
820 1126 924 1185 agmen

167 1214 302 1271 Femineo
314 1214 425 1289 praedae‚
445 1224 475 1271 et
486 1210 648 1289 spoliorum,
669 1213 784 1269 ardebat
799 1230 907 1269 amore:

167 1316 273 1373 Telum
286 1335 322 1373 ex
335 1315 440 1375 inediis
454 1335 544 1390 quum
557 1316 682 1382 tandem,
703 1324 831 1389 tempore
848 1322 957 1391 capto,⁴

168 1418 311 1489 Concitet,
331 1426 361 1475 et
374 1418 486 1493 superos
499 1418 608 1477 Arruns
621 1416 659 1473 fic
671 1435 741 1473 voce
753 1425 901 1492 precatur:

169 1521 285 1578 Summe
298 1520 394 1589 deum,
415 1518 502 1577 sancti
515 1518 605 1575 custos
619 1518 748 1586 Soraffln
762 1518 868 1593 Apollo
873 1542 883 1588 3

170 1624 268 1687 Quem
281 1621 365 1698 primi
378 1620 508 1689 colimus,
529 1618 577 1677 cui
589 1618 690 1695 pineus
703 1620 786 1678 ardor
797 1637 897 1677 acervo

169 1724 303 1791 Pascitur,
323 1731 352 1781 et
365 1723 503 1790 medium,
523 1720 590 1777 freti
603 1721 719 1797 pietate,
738 1720 900 1797 perignem

168 1826 300 1885 Cultores
313 1825 404 1883 multi
417 1822 570 1900 premimus
583 1822 699 1899 vestigia
712 1823 817 1898 prund;

168 1929 224 1998 Da,
246 1930 335 1996 Pater,
356 1926 410 1984 hoc
422 1924 520 1984 nostris
533 1925 640 1990 aboleri
654 1926 776 1983 dedecus
789 1924 884 1994 armis,

168 2031 369 2107 Omnipotens.
408 2029 477 2088 Non
490 2028 615 2096 exuvies,
635 2027 757 2103 pulsaeve
771 2036 908 2104 tropaeum

167 2131 305 2209 Virginis,
319 2141 368 2192 aut
380 2131 467 2208 spolia
479 2130 548 2198 ulla,
559 2139 640 2206 pet03
655 2129 727 2186 mihi
740 2139 834 2189 cetera
846 2129 962 2187 laudern

168 2235 253 2294 Facta
266 2235 372 2292 ferent:
395 2234 457 2290 haec
470 2232 530 2298 dira
543 2251 608 2290 meo
621 2233 692 2299 dum
703 2230 818 2289 volnere
829 2229 913 2307 pestis

168 2338 251 2396 Pulsa
263 2337 354 2404 cedat,
374 2335 477 2412 patrias
490 2325 621 2398 remeabi)
634 2333 773 2409 inglorius
786 2333 874 2392 urbis.

208 2439 321 2507 Audiit,
341 2448 370 2496 et
382 2437 442 2496 voti
456 2437 577 2494 Phoebus
591 2435 739 2494 succedere
751 2446 862 2512 partem

168 2542 272 2604 Mente
285 2541 364 2600 dedit
372 2566 380 2610 ;
402 2549 511 2617 partem
524 2539 646 2598 volucris
662 2538 789 2614 dispersit
801 2538 832 2595 in
845 2558 939 2596 auras:
954 2563 957 2571 ’

168 2645 313 2702 Sterneret
326 2653 368 2710 ut,
387 2641 482 2702 subiti
496 2643 640 2702 turbatam
651 2652 751 2709 morte,
772 2641 934 2708 Camillam,

168 2745 284 2806 Adnuit
295 2745 388 2802 oranti
394 2769 403 2815 3
424 2745 557 2802 reducem
570 2751 603 2800 ut
615 2743 706 2819 patria
720 2744 777 2800 alta
789 2743 913 2812 videret,·

84 2827 85 2838 i
168 2848 239 2906 Non
254 2847 345 2917 dedit;
367 2846 454 2921 inque
466 2855 547 2904 notos
559 2863 660 2902 vocem
673 2853 779 2902 vertere
791 2844 931 2919 procellae.
985 2907 990 2917 ,

168 2951 256 3026 Ergo,
269 2958 302 3006 ut
315 2947 393 3006 mitia
407 2957 494 3007 mauu
502 2947 626 3012 sonitum
638 2945 717 3003 dedit
725 2945 801 3004 hasta
811 2964 861 3020 per
871 2964 962 3014 auras,

169 3052 343 3109 Convertere
352 3049 466 3122 ,animos
479 3049 557 3117 acris,
577 3048 730 3122 oculosque
745 3046 845 3118 tulere,
957 3028 959 3033 ⁵

169 3153 275 3212 Cuncii
289 3153 326 3218 ed
339 3151 468 3229 reginam
477 3149 581 3218 Volsci.
603 3147 687 3208 Nihil
696 3147 759 3225 ipsa
770 3159 861 3224 neque
869 3153 959 3222 ‘aurae‚
