2509 3875
276 342 331 410 178
534 334 811 405 AENEIDOS,
962 338 1072 395 mith-

275 494 433 569 l’urpureuo
446 487 535 549 veluti
549 510 616 551 cum
628 492 690 561 flos,
709 490 832 550 succisor
844 498 947 559 aratro,

274 592 447 669 Languescit
461 594 599 667 moriem
621 593 723 652 lassove
735 612 874 671 papavera
887 592 962 649 collo

274 694 422 753 Demisere
435 706 531 772 caput,
551 696 650 773 pluvii
662 714 730 753 cum
743 695 817 753 sorte
829 704 991 771 gravantur.

274 798 318 859 At
330 796 419 855 Nisus
432 796 490 855 ruit
502 796 533 855 in
545 797 664 865 medice,
682 796 832 873 solumque
843 815 895 873 per
906 794 1001 853 omniu

273 898 457 977 Vclscentem
470 899 543 976 petit
548 923 556 969 3
578 900 608 956 in
622 898 682 955 solo
691 897 844 957 Vclscente
856 907 992 955 moratur.

274 1000 383 1070 Quem,
404 1002 512 1059 circum
534 1000 695 1077 glomerati,
714 999 805 1057 hostes
824 999 894 1065 hinc
911 996 1073 1083 cornminus

294 1156 297 1165 .
352 1112 440 1178 atque
453 1102 522 1160 hine

273 1204 454 1263 Proturhant.
494 1204 583 1262 Instat
594 1198 654 1263 n'cn
666 1203 767 1272 secius,
787 1222 821 1263 ac
834 1213 909 1262 rotat
921 1202 1018 1261 ensem

272 1304 471 1376 Fulmineum
492 1306 583 1364 donec
596 1306 698 1364 Rutuli
709 1306 859 1365 chmaotis
871 1307 903 1363 in
915 1324 965 1363 cre

270 1406 411 1464 Condidit
418 1406 543 1477 adverso,
554 1416 583 1465 et
591 1408 714 1467 moriens
722 1408 849 1467 animam
859 1406 976 1466 abstulit
987 1406 1075 1465 hosii.

272 1492 351 1567 uim
364 1508 448 1585 super
460 1509 627 1568 exanimum
640 1510 699 1569 sese
711 1509 831 1588 projecit
842 1509 968 1568 amicum

272 1610 433 1681 confossus,
452 1612 621 1688 placidique
633 1612 676 1669 ibi
689 1613 807 1669 demum
824 1621 917 1669 morte
930 1608 1051 1687 quievit.

311 1712 460 1770 Fortunati
474 1714 573 1771 ambo!
595 1714 615 1771 fi
630 1714 708 1790 quid·
715 1732 779 1771 mea
792 1714 919 1773 carmina
932 1712 1057 1790 potsunt,

273 1814 365 1872 Nulla
379 1814 439 1873 dies
453 1802 590 1891 u'mquam
603 1815 725 1874 memori
737 1834 786 1873 vos
798 1815 908 1873 eximet
920 1832 998 1872 ενοι
1069 1858 1073 1865 .

272 1916 354 1976 Dum
368 1918 470 1976 domus
483 1918 587 1976 AEneae
599 1917 727 1995 Capitoli
740 1916 880 1975 inmobile
892 1916 991 1975 saxum

271 2019 406 2089 Adcolet,
426 2020 637 2096 imperiumque
650 2029 731 2096 pater
744 2020 889 2077 Romanus
901 2017 1029 2077 habebit.

295 2120 440 2178 :Visioree
452 2120 547 2198 praedi
560 2121 671 2191 Rutuli,
692 2121 854 2198 spoliisque,
873 2119 969 2196 potiti,

270 2220 454 2304 Yolscentem
467 2222 636 2280 exanimum
649 2224 749 2280 flentes
762 2222 793 2279 in
807 2223 894 2280 casira
906 2222 1048 2280 serebant.

270 2321 335 2379 Nec
348 2322 444 2380 minor
456 2323 487 2380 in
501 2323 595 2381 castris
608 2323 711 2392 lutino,
731 2323 893 2382 Rhamnete
904 2334 1018 2401 reperto

270 2421 427 2498 Exsangui.
447 2433 477 2480 et
491 2424 590 2500 primis
603 2425 662 2482 uni
675 2433 719 2482 tot
731 2425 808 2482 caede
820 2425 963 2501 peremtio,

270 2524 457 2598 Serranoque,
476 2525 508 2582 N
509 2526 642 2601 umlque.
677 2527 783 2604 Ingens
795 2525 947 2584 concursus
959 2527 996 2586 ad
1007 2527 1073 2605 ipsa

270 2625 405 2702 Corpora,
425 2625 637 2703 seminecesque
648 2627 732 2696 viros,
752 2628 906 2704 tepidique
922 2639 1072 2689 recentem

269 2729 357 2787 Crede
370 2727 476 2798 locum,
495 2738 525 2786 et
536 2729 622 2805 pleno
634 2729 791 2806 spumantis
803 2732 943 2808 sanguine
955 2733 1044 2792 rivos„

268 2830 460 2906 Adgnoscunt
473 2829 562 2907 spolia
574 2831 651 2889 inter
665 2833 703 2901 se,
723 2833 892 2909 galeamque
905 2834 1060 2894 nitentem.

200 2962 204 2974 ·
268 2933 401 3010 Messapi,
421 2945 450 2991 et
464 2933 556 2992 multo
567 2933 697 3011 phaleras
710 2934 810 2993 sudore
823 2947 957 3012 receptas.

307 3035 346 3092 Et
354 3033 417 3112 jam
429 3035 520 3112 prima
534 3054 608 3094 novo
617 3036 766 3113 spargebat
779 3037 889 3096 lumine
901 3049 988 3100 terreo

267 3135 389 3194 Tithoni
402 3156 535 3196 croceum
547 3137 681 3213 linquens
695 3140 806 3199 Aurora
819 3141 927 3200 cubile:
957 3191 960 3196 .

247 3288 250 3294 .
267 3237 336 3318 Jarn
348 3236 405 3297 sole
417 3239 522 3326 infuso,
537 3238 600 3318 jam
613 3243 698 3299 rebus
709 3241 775 3300 luce
786 3243 908 3315 retectis,

1178 3346 1182 3421 r
