2509 3875
251 312 290 378 72
507 308 784 379 AENEIDOS,
941 312 1049 366 v.232.

250 463 293 520 At
305 461 370 538 pius
381 461 491 520 AEnens
503 463 618 540 ingenti
631 465 707 524 mole
720 464 883 540 sepulcrum

249 563 377 641 Inponit,
390 564 497 640 suaque
510 585 587 624 arma
602 547 674 636 νὶιό,ι
685 584 862 642 remumque,
882 564 1048 638 tubamque,

251 666 356 725 Monte
368 665 421 724 sub
434 667 523 738 adri05
544 668 595 743 qui
608 687 686 728 nunc
699 669 828 726 Misenus
842 669 878 724 ab
890 666 942 724 illo

250 768 376 837 Dicitur,
396 778 594 846 aeternumque
607 780 687 828 tenet
700 753 749 847 per
763 769 855 828 secula
868 785 983 826 nomeu.

250 870 307 928 His
320 870 388 928 asiis
401 890 519 948 propere
531 872 698 949 exsequitur
710 881 851 950 praecepta
865 871 990 947 Sibyllae.

290 973 431 1049 Spelunca
444 973 501 1032 alta
515 974 582 1044 fuit,
601 975 736 1050 vastoque
749 973 872 1036 inmanis
885 972 977 1041 hiatu,

131 1074 136 1086 '
251 1078 381 1151 Semper,
403 1085 466 1134 tuta
478 1077 544 1134 lacu
557 1077 650 1154 nigro,
670 1095 878 1154 nemorumque
895 1074 1034 1133 tenebris=

145 1260 150 1269 ι
251 1178 351 1236 Quam
363 1177 447 1254 snper
460 1179 538 1236 haud
549 1180 616 1237 ullae
631 1189 764 1256 poterant
776 1180 885 1256 inpune
898 1177 1029 1236 volantes

249 1281 382 1339 Tendere
393 1280 449 1338 iter
460 1281 577 1358 pennisr
599 1283 663 1340 talis
677 1281 734 1339 sese
747 1281 853 1340 halitus
867 1280 934 1338 atris

250 1383 392 1442 Faucibus
403 1382 554 1442 effundens
565 1384 666 1460 supera
679 1385 714 1450 ad
728 1401 853 1442 convexa
867 1383 990 1440 ferebat:

249 1486 337 1544 Unde
349 1486 446 1543 locum
459 1486 540 1543 Graii
552 1486 688 1544 dixerunt
700 1487 816 1544 nornine
827 1465 958 1544 nornen.

252 1587 387 1646 Quatuor
398 1587 447 1646 hic
459 1588 586 1664 primum
599 1588 739 1665 nigrantis
752 1597 831 1665 terga
839 1586 977 1664 juvencos

253 1689 418 1760 Constituit,
438 1691 584 1768 frontique
596 1691 722 1770 invergit
736 1691 801 1755 vina
813 1691 956 1762 sacerdon
1065 1739 1067 1750 .

251 1796 299 1866 Et,
320 1795 444 1852 summas
456 1814 573 1871 carpens
585 1795 680 1855 media
693 1795 769 1854 iuter
782 1814 888 1854 cornua
902 1795 990 1865 saetas,

250 1897 372 1975 Ignibus
384 1897 499 1975 inponit
511 1897 604 1969 sacris,
623 1897 761 1958 libamina
774 1897 881 1975 prima;

239 2002 330 2062 ‚Voce
346 2020 450 2059 vocans
469 2001 609 2070 Hecaten,
630 2001 768 2076 Coeloque
781 2001 931 2075 Ereboque
947 2006 1050 2076 poten-

333 2116 402 2163 tem.

252 2209 422 2283 Supponunt
435 2206 484 2265 alii
497 2205 611 2273 cultros,
632 2204 819 2282 tepidumque
830 2222 961 2263 cruorem

251 2308 417 2385 Suscipiunt
428 2307 542 2384 pateris.
582 2306 645 2383 Ipse
658 2305 713 2365 atri
725 2292 836 2363 velleris
854 2324 960 2382 agnam

249 2412 361 2470 AEneas
373 2409 459 2467 matri
472 2408 675 2477 Eumenidum,
696 2426 865 2483 magnaeque
878 2406 974 2476 sorori,
1044 2448 1049 2455 -

250 2511 326 2571 Ense
338 2511 415 2580 ferit,
435 2510 614 2585 sterilemque
627 2510 691 2579 tibi,
712 2510 885 2587 Proserpina,
903 2528 1028 2569 vaccam.

250 2616 330 2673 Tum
344 2612 444 2690 Stygio
457 2612 519 2689 regi
533 2612 684 2670 nodurnas
697 2612 814 2669 inchoat
827 2631 897 2683 aras,

251 2720 291 2778 Et
303 2717 396 2787 solida
405 2716 521 2793 inponit
533 2726 680 2774 taurorum
692 2714 798 2774 viscera
811 2716 946 2783 flammis,

251 2822 362 2897 Pingue
374 2819 458 2897 super
469 2820 565 2877 oleum
578 2818 734 2877 infundens
748 2818 913 2877 ardentibus
926 2820 1009 2878 extis.

253 2923 344 2981 Eccel
366 2931 472 2990 autem,
492 2921 577 2997 primi
593 2919 646 2977 sub
658 2908 846 2979 luminasolis
858 2930 887 2979 et
900 2932 986 2990 ortus,

252 3028 311 3082 Sub
324 3024 443 3101 pedibus
456 3023 568 3099 mugire
581 3021 683 3093 solum,
698 3032 728 3081 et
737 3021 808 3101 juga
821 3032 913 3099 coepta
927 3023 1037 3081 moveri

252 3127 403 3197 Silvarum,
422 3125 545 3201 visaeque
556 3143 639 3183 canes
652 3124 764 3182 ululare
775 3143 827 3201 per
839 3127 978 3194 umbram,

252 3232 438 3309 Adventante
450 3230 512 3289 dei.
552 3228 652 3309 Procul
671 3228 701 3286 ol
723 3228 823 3307 procul
835 3228 900 3298 estu,
919 3228 1046 3307 profanil
