2509 3875
215 313 244 351 o.
256 296 324 351 sot.
504 293 602 352 ΗΒ.
643 292 727 350 VIII.
959 299 1013 354 14³

213 448 392 523 Speluncam
398 446 549 524 adjiciunt,
556 447 769 524 spirantemque
778 445 894 522 ignibus
903 445 1010 524 ipsum:

218 551 366 610 Consonat
375 569 460 608 omne
470 569 570 608 nemus
577 550 704 626 strepitu,
713 549 855 625 collesque
865 549 1012 608 resultent.

257 653 335 710 Exin
348 653 377 711 se
388 654 485 711 cundi
497 654 601 712 divinis
612 655 697 710 rebus
709 653 745 710 ad
759 653 860 710 urbem

218 756 353 814 Perfedis
365 757 501 814 referunt.
515 775 519 781 ·
541 758 606 814 Ibat
617 775 679 824 rex,
697 757 803 814 obsitus
817 775 886 836 evo,

217 861 256 928 Et
268 860 405 918 comitem
417 859 545 918 AEnesm
555 857 650 935 juxta,
669 868 837 934 natumque,
857 860 973 916 tenebat

175 979 184 984 ·
216 963 396 1039 Ingrediens,
415 962 549 1038 varioque
562 962 639 1020 viam
650 960 778 1020 sermone
791 961 913 1020 levabat.

215 1065 354 1134 Miratur,
372 1065 523 1140 facilisque
534 1065 632 1124 oculos
644 1065 702 1122 fert
713 1065 808 1122 omnia
822 1064 939 1134 circum,

215 1169 337 1238 AEneas,
355 1168 524 1245 capiturque
536 1167 620 1239 locis;
642 1177 672 1226 et
684 1168 794 1243 finguta
807 1167 888 1224 laetus

213 1271 416 1347 Exquiritque,
444 1272 582 1347 auditque
603 1270 699 1328 virum
723 1280 910 1328 monumenta
932 1271 1008 1346 prio·

333 1393 407 1432 rum.

135 1507 139 1515 ,
212 1478 293 1536 Tum
304 1495 356 1535 rex
369 1478 524 1548 Evandrus,
544 1479 682 1537 Romanae
694 1477 825 1536 conditor
837 1477 922 1536 arcis:

253 1582 327 1638 Haec
339 1599 455 1639 nemora
468 1581 611 1658 indigena
623 1580 725 1650 Fanni,
741 1581 951 1658 Nymphaeque,
965 1589 1007 1638 te·

331 1686 447 1751 nebant,

212 1787 348 1861 Gensqne
359 1787 455 1852 sirum
468 1787 586 1855 truncis,
605 1797 635 1846 et
647 1788 718 1846 duro
730 1789 839 1854 robore,
859 1795 941 1845 nata:

213 1889 290 1947 ons
303 1908 396 1967 neque
409 1909 479 1962 mos,
499 1909 592 1967 neque
605 1889 709 1959 cultus,
728 1899 803 1960 erat3
824 1907 877 1947 nec
886 1887 1007 1967 jungere

330 2003 434 2061 tauros,
847 2070 853 2079 x

211 2098 449 2172 Autconponere
461 2116 528 2174 opes
539 2106 651 2177 norant,
672 2104 721 2155 aut
734 2114 847 2171 parcere
859 2105 955 2172 parto:

212 2200 268 2257 Sed
281 2199 363 2270 rami,
383 2210 479 2275 atque,
499 2200 579 2277 asper
590 2201 677 2269 sidu,
697 2210 815 2259 venatus
828 2200 931 2262 alebat.

211 2302 323 2360 Primus
335 2305 372 2360 ab
383 2302 502 2361 astherio
513 2303 593 2361 veuit
605 2306 744 2365 Saturnus,
754 2304 891 2381 Olympo,

210 2408 303 2464 Arma
315 2405 395 2482 Jovis
407 2405 531 2482 fugiens,
550 2417 579 2465 et
591 2408 689 2485 regnis
700 2408 780 2467 exsul
792 2410 922 2469 ademtis.

210 2509 239 2565 Is
252 2526 342 2584 genus
354 2508 489 2578 indocile,
508 2528 542 2567 ac
553 2510 708 2588 dispersum
720 2513 866 2571 montibus
880 2514 954 2580 altis,

78 2659 94 2672 .
210 2609 380 2686 Conposuit,
399 2612 533 2688 legesque
545 2614 638 2686 dedit,
660 2615 833 2691 Latiumque
847 2617 938 2675 vocari

210 2714 328 2783 Maluit,
348 2713 393 2771 his
405 2716 542 2789 qnoniam
554 2716 678 2775 latuillet
692 2727 770 2775 tutus
783 2718 812 2775 in
826 2718 890 2775 oris.
972 2765 975 2769 .

209 2816 318 2885 Aurea,
338 2835 403 2891 quae
414 2817 577 2893 perhibent,
595 2819 648 2877 illo
660 2819 713 2877 sub
725 2838 792 2896 rege
804 2819 921 2901 fuerunt
974 2830 977 2835 '

209 2918 332 2976 Saecnla:
355 2919 393 2977 fic
405 2920 519 2996 placidi
529 2923 650 2999 populos
662 2922 693 2979 in
707 2940 776 2997 pace
789 2920 914 2995 regebat.

209 3020 344 3079 Deterior
356 3024 447 3099 donec
459 3024 619 3100 paullatim,
640 3044 673 3082 ac
686 3024 807 3090 decolor,
829 3031 904 3087 aetas,

209 3123 330 3188 litbelli
342 3125 443 3195 rabies,
462 3137 492 3184 et
504 3142 586 3187 amor
597 3127 725 3201 successit
740 3123 874 3183 habendi.

202 3190 287 3292 Tim
299 3246 401 3286 manns
414 3229 542 3288 Ausonia
555 3239 584 3289 et
597 3238 697 3306 gentes
709 3244 812 3289 venere
826 3226 946 3299 Sicanae,
