2509 3875
248 265 304 316 100
502 256 780 328 AENEIDOS,
949 259 1040 323 v.l7.

247 411 431 487 Saetigerique
444 411 514 481 suec,
534 419 620 489 atque
632 411 663 468 in
676 411 846 490 praesepibus
858 409 924 477 urfi,

248 512 360 580 Saevire,
380 531 413 569 ac
427 513 526 568 formae
538 531 708 588 magnorum
720 513 830 570 ululare
843 513 990 588 luporum:

249 615 331 671 Quos
344 612 494 671 hominum
506 603 544 671 ex
557 613 639 684 facie,
650 615 704 673 dea
719 613 789 674 saeva
802 613 965 690 potentibus
976 612 1042 670 her·

324 715 376 783 bis,

247 817 384 874 Induerat
396 817 480 874 Circe
492 816 525 874 iu
536 816 629 874 voltus
643 836 676 876 ac
689 823 768 893 terga
781 816 914 874 ferarum.

249 919 325 976 Quae
338 938 374 975 ne
387 918 509 976 monstra
522 918 565 994 pii
577 927 741 995 paterentur
754 917 822 974 talia
834 918 930 985 Trois,

247 1020 347 1076 Delati
359 1019 388 1075 in
402 1028 509 1095 portus,
529 1038 586 1076 neu
598 1020 682 1077 litora
696 1019 755 1076 dira
771 1018 911 1087 subirent3

248 1121 402 1196 Neptunus
414 1120 507 1177 ventis
520 1120 643 1196 inplevit
655 1121 718 1178 vela
731 1120 876 1197 secundia,¹

247 1222 346 1296 Atque
363 1221 463 1297 sugam
478 1222 566 1290 dedit,
586 1231 615 1280 et
632 1232 734 1298 praeter
747 1223 818 1280 vada
831 1218 940 1278 fervida
953 1219 1042 1277 vexit.

286 1326 409 1401 Jamque
418 1323 583 1381 rubescebat
591 1324 677 1382 radiis
687 1343 773 1392 mare,
784 1332 813 1380 et
823 1323 928 1380 aethere
939 1324 974 1379 ab
984 1321 1043 1379 alto

247 1428 361 1486 Aurora
374 1426 405 1482 in
419 1425 504 1482 roseis
517 1426 647 1502 fulgebat
658 1426 736 1483 lutea
749 1425 824 1502 bigis
828 1449 837 1496 ς

252 1529 354 1584 Ouum
365 1527 445 1584 venti
456 1525 582 1602 posuere,
602 1525 752 1602 omnisque
764 1535 881 1602 repente
894 1499 1002 1583 resedit'
1036 1603 1038 1610 Α

250 1629 357 1697 Flatus,
377 1628 450 1684 etin
463 1629 541 1685 lento
555 1627 700 1685 ludantur
713 1646 852 1686 marmore
865 1627 960 1710 tonsae,

252 1733 351 1806 Atque
363 1730 412 1787 hic
425 1731 534 1788 AEneas
546 1729 695 1806 ingentem
708 1748 745 1786 ex
759 1748 872 1805 aequore
885 1713 983 1786 luctirn

252 1833 398 1909 Prospicit.
438 1833 526 1889 Hunc
539 1831 615 1888 inter
626 1830 715 1889 fluvio
727 1830 880 1888 Tiberinus
892 1849 1014 1901 amoenn,

249 1933 414 1994 Vorticibus
427 1934 541 2013 rapidis,
561 1943 590 1991 et
602 1933 695 1991 multi
707 1933 797 1991 flavus
810 1933 903 2003 areni,

250 2038 284 2094 ln
298 2056 377 2095 mare
388 2036 561 2113 prorumpit.
599 2035 694 2093 Variae
707 2034 882 2110 circumque,
893 2034 1043 2111 supraque,

170 2207 173 2213 Ι
250 2139 386 2196 Adsuetae
398 2138 466 2214 ripis
478 2138 614 2205 volumen,
634 2146 664 2193 et
676 2136 804 2193 fluminis
818 2136 909 2205 alveo,

250 2239 373 2298 AEthera
387 2240 550 2296 mulcebant
562 2247 659 2307 cantu,
679 2238 800 2313 lucoque
813 2238 955 2295 volabant.

215 2378 217 2382 -
250 2340 375 2397 Flectere
387 2340 442 2395 iter
455 2338 546 2405 sociis,
566 2347 704 2414 terraeque
717 2340 861 2397 advertere
874 2358 977 2415 proras,

248 2442 393 2515 Imperat3
415 2449 446 2496 et
457 2441 538 2497 laetus
550 2439 641 2496 fluvio
653 2440 779 2497 succedit
790 2460 888 2518 opaco.

287 2540 376 2598 Nunc
393 2559 456 2617 age,
477 2540 528 2615 qui
546 2558 636 2616 reges,
657 2543 752 2612 Erato,
772 2561 836 2617 quae
854 2551 982 2618 tempora
998 2561 1044 2601 re-

366 2660 440 2709 rum,

251 2743 326 2803 Quis
339 2743 424 2801 Latio
435 2742 555 2818 antiquo
568 2742 657 2800 fucrit
669 2743 763 2814 status,
785 2745 891 2802 advena
903 2745 1019 2803 classem

252 2850 353 2905 Quum
365 2845 490 2923 primum
502 2842 638 2901 Ausoniis
651 2845 792 2902 exercitus
805 2846 916 2929 adpulit
929 2847 994 2915 oris,
1038 2854 1042 2861 '

250 2948 418 3024 Expediam,
438 2955 469 3003 ct
480 2945 579 3021 primae
591 2948 730 3003 revocabo
740 2934 858 3008 mulsia
871 2966 985 3024 pugnae.
1040 3000 1043 3007 .

247 3050 296 3107 Tu
307 3059 411 3117 vatem,
431 3058 474 3117 tu,
493 3048 568 3115 diva,
588 3066 686 3104 mone:
709 3047 803 3105 dicam
822 3047 936 3121 horrida
949 3050 1043 3122 bella,

249 3150 353 3209 Dicam
364 3150 448 3222 acies,
466 3150 600 3225 abicique
611 3148 716 3208 animis
728 3149 760 3210 in
770 3150 874 3209 funera
886 3170 975 3229 reges,
1039 3158 1043 3167 '
