2509 3875
108 382 111 396 =
179 364 286 430 r.459;
492 360 591 419 LIB.
631 360 685 421 1v.
946 370 985 431 ¹9

179 512 345 573 Velleribus
358 516 459 586 niveis,
479 524 511 575 et
522 516 591 577 festa
603 516 716 586 fronde,
734 514 908 575 mintium:
978 537 982 545 ’

104 629 108 636 ’
177 613 258 673 Hinc
271 618 406 675 exaudiri
419 638 512 687 vocer,
531 630 561 677 et
574 621 661 679 rerba
672 618 801 678 vocanti»

177 715 247 775 Visa
259 718 329 788 viri,
350 738 410 779 nox
422 740 514 796 quum
527 730 613 781 terras
625 720 744 779 obscura
757 730 868 779 teneret
871 745 882 791 ς

176 818 304 895 Solaque
317 822 496 881 culminibus
508 822 590 881 serali
601 822 729 881 carmine
740 823 820 881 bubo

175 921 258 998 Saepe
273 924 368 999 queri,
388 934 418 983 et
430 924 530 1001 longas
543 924 575 985 in
588 926 692 983 fletum
701 926 806 983 ducere
818 942 915 985 vocet:

173 1023 336 1100 Multaque
349 1036 485 1103 praeterea
497 1037 597 1087 vatum
610 1027 744 1103 praediea
756 1027 884 1103 priorum

172 1126 317 1185 Terribili
329 1128 445 1187 monitu
457 1128 638 1199 horrifimnt:
658 1130 720 1205 agit
731 1128 792 1206 ipse
803 1130 949 1192 furentem
976 1144 981 1155 ·

173 1228 209 1285 ln
225 1230 336 1289 somnia
347 1230 425 1289 serua
439 1231 563 1301 AEneaa;
585 1230 752 1309 semperque
763 1231 889 1309 relinqui

174 1332 241 1389 Sola
256 1332 320 1401 fibi,
340 1332 451 1410 semper
461 1333 578 1409 longam
591 1334 760 1393 incomitata
774 1334 890 1393 videtur
976 1350 980 1360 ·

173 1434 224 1490 Ire
232 1434 321 1502 viam,
341 1445 372 1491 et
383 1434 487 1511 Tyrios
500 1434 609 1495 deserta
621 1454 748 1511 querere
759 1438 843 1496 terri.

175 1534 377 1595 Eumenidum
388 1536 480 1595 veluti
489 1538 607 1595 demens
616 1539 696 1597 videt
705 1540 821 1615 agmina
829 1540 980 1610 Pentheus,

174 1636 215 1694 Et
232 1638 322 1695 solem
340 1638 499 1715 geminum,
518 1650 550 1697 et
564 1640 689 1717 duplicis
703 1640 733 1697 se
745 1641 889 1701 ostendere
900 1642 980 1701 The·

256 1743 321 1798 bas:

173 1844 242 1899 Aut
254 1844 503 1919 Agamemnonius
517 1844 608 1903 Poenis
621 1846 746 1921 agitatus
758 1846 880 1915 Orestes,

174 1949 332 2004 Armatam
345 1947 456 2006 facibus
468 1959 599 2016 matrem,
618 1959 650 2006 et
662 1947 840 2024 serpentibus
851 1949 930 2018 attia,

175 2051 284 2108 Quum
296 2048 384 2126 fugit,
404 2049 577 2126 ultricesque
590 2049 690 2110 sedent
701 2050 733 2108 iu
745 2049 849 2110 limine
856 2051 946 2110 Dirae.
971 2064 974 2069 '

215 2153 305 2228 Ergo,
325 2152 376 2210 ubi
389 2153 521 2230 concepit
534 2153 640 2222 Furias,
659 2153 751 2212 eviiia
763 2153 871 2225 dolore,

173 2256 370 2330 Decrevitque
383 2256 456 2314 mori
462 2282 471 2327 3
486 2267 599 2332 tempus
606 2257 702 2316 secum
710 2257 781 2335 ipsa,
790 2260 977 2338 modumque,

174 2358 278 2434 Exigit
283 2383 292 2428 ;
313 2370 353 2426 et,
365 2359 491 2416 maestam
504 2358 586 2416 dietis
599 2359 724 2434 adgressa
736 2360 869 2432 sororem,

174 2459 337 2518 Consilium
350 2461 432 2518 vultu
447 2461 529 2537 tegit,
549 2479 582 2518 ao
594 2459 674 2537 spem
686 2461 786 2522 fronte
795 2464 923 2526 serenat:

174 2561 289 2633 Inveni,
310 2578 455 2638 germana,
476 2563 563 2631 viam,
583 2573 695 2638 gratare
708 2562 806 2624 sororii

176 2665 254 2722 Quae
268 2663 341 2722 mihi
354 2665 453 2722 reddat
465 2683 541 2732 eum,
554 2665 600 2722 vel
610 2683 645 2724 eo
657 2685 706 2724 me
717 2665 807 2727 solvat
817 2677 975 2732 amantem

176 2766 289 2834 Oceani
304 2766 393 2824 finem
401 2765 495 2843 juxta,
515 2766 660 2844 solemque
671 2771 832 2840 cadentem,

175 2871 309 2928 Ultimus
322 2870 498 2948 AEthiopuiu
511 2871 590 2930 locus
603 2873 652 2941 est,
665 2873 717 2931 ubi
729 2893 882 2932 maxumus
893 2875 976 2936 Atlas

175 2974 273 3030 Axem
287 2973 409 3032 humero
422 2984 545 3050 torquet,
565 2973 651 3032 stellis
663 2975 828 3033 ardentibus
840 2985 958 3050 aptum:
1065 3004 1069 3008 “

174 3075 257 3132 Hinc
270 3075 345 3132 mihi
357 3076 488 3153 Massylae
501 3076 596 3152 gentis
608 3077 762 3134 monstrata
774 3075 912 3147 sacerdot,
966 3093 971 3102 ·

174 3177 368 3253 Hesperidum
383 3177 484 3254 templi
497 3177 596 3249 custos,
616 3179 772 3255 epulasque
784 3178 902 3238 draooni
965 3194 969 3204 ·

177 3277 254 3334 Quae
267 3277 362 3348 dabar,
381 3287 411 3337 et
425 3279 513 3339 samos
525 3279 656 3338 servabat
668 3279 699 3336 in
710 3279 811 3365 arbore
822 3299 924 3355 ramos,
958 3293 967 3323 ἰ
984 3329 987 3335 .
