2509 3875
201 370 230 409 v.
245 358 312 409 151.
508 351 603 410 LIB.
643 352 697 409 IX.
944 349 1003 421 ld?

201 504 332 575 Palladii,
351 505 426 565 eaefis
439 505 557 565 summae
569 506 729 565 custodibus
742 503 822 573 arcis,

201 608 252 666 Ne
265 607 399 679 timeant,
421 628 474 667 nec
486 611 553 685 equi
566 610 641 667 caecd
654 609 810 666 condemur
821 606 852 663 in
866 606 946 665 alvo:

201 711 290 777 Luce,
308 710 413 787 palam,
434 720 545 769 certum
558 711 598 768 est
609 707 673 787 igni
685 709 861 767 circumdare
874 727 981 769 muros.

201 812 290 873 Haud
303 811 354 869 fibi
366 830 434 869 cum
445 811 554 869 Danais
563 830 637 881 rem,
649 811 727 880 faxo,
741 820 771 868 et
783 811 858 885 pube
872 809 999 886 Pelasga,

200 911 265 971 Effe
278 921 390 989 putent,
410 915 563 971 decumum
577 932 648 990 quoa
660 911 771 969 distulit
784 910 893 968 Hedor
904 910 935 969 in
949 928 1001 969 au·

217 1035 221 1059 ,-
280 1033 361 1074 num.

200 1116 291 1175 Nunc
303 1117 382 1185 adeo,
402 1116 504 1173 melior
515 1115 654 1193 quoniam
667 1133 731 1191 para
744 1114 805 1171 ada
819 1112 887 1184 diei,

201 1218 291 1275 Quod
303 1216 434 1294 superest,
455 1218 515 1275 laeti
527 1220 600 1275 bene
612 1217 697 1294 gestie
709 1234 825 1292 corpora
837 1218 921 1274 rebur

201 1322 360 1389 Procurate,
378 1319 432 1377 viri
440 1344 448 1390 ς
471 1328 501 1377 et
512 1338 640 1396 pugnam
653 1318 762 1395 sperate
777 1317 879 1393 parari.

187 1426 188 1430 ’
239 1423 361 1492 Interea,
380 1422 503 1499 vigilum
515 1420 646 1479 excubiis
657 1420 783 1477 obfidere
795 1429 890 1494 portas
988 1456 991 1463 ·

199 1526 278 1581 Cura
290 1525 373 1582 datur
385 1524 522 1599 Meffapo,
543 1532 573 1579 et
583 1521 690 1579 moenia
702 1521 818 1596 cingere
829 1520 962 1578 flammis.

199 1626 247 1685 Bis
260 1624 377 1701 septem,
398 1624 505 1681 Rutulo
518 1641 613 1679 muros
627 1621 678 1697 qui
690 1621 783 1678 milite
796 1620 918 1691 servent,

198 1726 327 1786 Deletti:
349 1727 389 1783 ast
401 1725 464 1783 illos
477 1722 590 1782 centeni
603 1742 746 1799 quemque
759 1722 925 1797 sequuntur,

199 1827 336 1905 Purpurei
349 1827 445 1897 cristis,
462 1824 589 1902 juvenes,
609 1842 735 1899 auroque
747 1823 868 1881 corusci.

199 1929 378 2001 Discurrunt,
399 1928 564 2003 variantque
576 1925 651 1984 vices
656 1950 665 1996 3
686 1924 797 2000 fufique
812 1944 863 2000 per
875 1924 994 1986 herbam

198 2031 356 2109 Indulgent
367 2031 443 2098 vino,
464 2039 494 2086 et
508 2036 623 2087 vertunt
636 2036 757 2084 crateras
770 2027 865 2084 aenos.

197 2135 360 2194 Conlucent
372 2133 470 2208 ignes:
492 2130 606 2188 noctem
618 2127 744 2186 custodia
757 2126 837 2184 ducit

196 2237 361 2298 Insomnem
373 2235 451 2292 ludo.

235 2343 308 2400 Haec
320 2341 403 2416 super
415 2355 432 2395 e
444 2335 519 2394 vallo
534 2333 712 2411 prospettaut
723 2333 821 2401 Troes,
842 2339 874 2389 ut
888 2332 974 2391 armis
988 2388 990 2391 .

196 2443 267 2502 Alta
281 2450 394 2500 tenent:
417 2458 470 2496 nec
483 2455 550 2506 non,
571 2434 676 2512 trepidi
689 2416 852 2505 formidine,
872 2445 967 2512 portat

197 2545 368 2620 Explorant:
390 2540 549 2620 pontisque,
562 2549 592 2596 et
604 2537 826 2614 propugnacula,
836 2536 981 2615 jungunt3

196 2648 267 2705 Tela
280 2655 391 2722 gerunt.
423 2643 532 2701 instant
544 2639 710 2698 Mnestheus
722 2659 842 2715 acerque
853 2641 990 2711 Serestus,

198 2749 280 2806 Quos
292 2754 373 2822 pater
385 2745 502 2812 AEneas‚
522 2741 543 2800 fi
556 2743 671 2817 quando
683 2741 797 2800 adversa
816 2749 960 2808 vocarent,

197 2848 330 2907 Redtores
338 2844 487 2922 juvenum,
507 2853 537 2901 et
550 2861 645 2900 rerum
655 2843 734 2899 dedit
747 2841 802 2899 effe
815 2840 973 2916 magistron.

197 2948 301 3009 Omnis
314 2965 365 3024 per
377 2965 472 3024 ruuros
484 2944 570 3022 legio,
591 2943 688 3001 sortita
701 2941 850 3018 periclum,

196 3054 336 3119 Excubat,
349 3059 518 3123 exercetque
528 3047 612 3116 vices,
626 3045 704 3121 quod
715 3045 820 3120 cuique
833 3044 990 3106 tenendum

312 3151 361 3211 est.

235 3255 323 3316 Nisus
335 3261 395 3313 erat
408 3259 497 3331 portae
509 3249 610 3317 custos,
629 3246 783 3305 acerrimus
796 3247 890 3318 umis,
