2509 3875
249 358 290 416 ee
501 360 779 430 AENE1D03,
934 370 1045 421 cres.
1126 372 1183 451 ,ᾗ

250 514 331 572 Quid
348 518 505 573 memorem
524 516 667 575 Alciden?
696 518 734 575 Et
754 514 796 575 r'ni
817 512 960 595 genns'ab
972 519 1047 595 Jove

364 616 484 676 summo.

287 718 407 777 Talibus
420 722 518 779 orabat
532 722 623 791 dietis,
643 742 761 798 arasque
774 724 904 793 tenebat;

251 822 352 880 Ouum
366 824 403 881 fic
415 824 476 881 orsa
490 824 570 900 loqui
583 834 674 882 vates:
697 826 762 883 Sate
776 824 1032 901 sanguine‘divom,

251 926 323 983 Tros
336 926 518 994 Anchisiade,
538 926 632 983 facilis
644 927 791 984 descensus
802 928 918 985 Averno
930 902 995 997 est3'

250 1026 367 1094 Nosses,
387 1038 472 1101 atque
486 1028 556 1099 dies,
575 1038 656 1104 patet
669 1029 724 1085 atri
733 1028 819 1105 janua
833 1029 922 1099 Ditis;

249 1128 304 1187 Sed
315 1147 444 1187 revocare
456 1130 586 1205 gradum,
600 1130 770 1207 superasque
780 1132 898 1189 evadere
908 1133 944 1189 ad
954 1150 1045 1202 auras,

247 1231 313 1287 Hoc
326 1244 405 1307 opus,
420 1230 467 1287 hic
479 1232 559 1289 labor
571 1234 618 1289 est.
641 1234 735 1302 Pauci,
748 1252 818 1308 quos
831 1252 928 1309 aequus
939 1234 1045 1291 amavit

246 1334 388 1414 Juppiter‚
410 1345 460 1392 aut
474 1336 573 1393 ardens
586 1335 683 1393 evexit
696 1337 732 1392 ad
745 1336 850 1394 aethera
862 1336 961 1406 virtus,

246 1437 300 1495 Dis
314 1437 417 1514 geniti,
438 1447 564 1513 potuere.
603 1438 720 1495 Tenent
731 1438 826 1495 media
839 1438 935 1496 omnia
948 1438 1032 1509 fitvae,

248 1542 431 1618 Cocytusque
444 1520 616 1599 sinu-labens
630 1541 819 1599 circumvenit
831 1551 901 1599 atro.

250 1645 339 1702 Quod
352 1644 372 1703 fi
387 1653 482 1701 tantus
496 1662 575 1701 amor
587 1643 688 1712 menti,
709 1643 827 1701 fitanta‘
835 1644 941 1721 cupido
952 1640 1001 1712 est,

246 1747 295 1805 Bis
310 1745 424 1824 Stygios
436 1747 537 1803 innare
550 1746 637 1813 lacus,
657 1746 701 1803 bis
714 1743 795 1822 nigra
807 1746 904 1805 videre

246 1850 379 1924 Tartara3
402 1858 431 1907 et
442 1848 542 1907 insano
551 1846 634 1925 juvat
646 1848 796 1924 indulgere
808 1848 899 1906 labori
904 1873 913 1918 3

247 1953 368 2031 Adcipe,
381 1973 445 2031 quae
455 1953 615 2031 peragenda
628 1952 715 2028 prius.
742 1953 828 2008 Latet
838 1954 937 2008 arbore
946 1951 1044 2027 opaci,

246 2061 360 2115 Aureus
373 2067 403 2115 et
415 2052 492 2114 soliis
505 2051 538 2112 et¹
547 2054 627 2110 lento
640 2052 758 2120 vimine,
777 2052 882 2122 ramus,

246 2159 356 2237 Junoni
370 2159 491 2216 insernae
504 2155 596 2213 dietus
610 2154 700 2212 sacer:
723 2154 801 2210 hunc
813 2153 887 2230 tegit
899 2154 993 2212 omnis

246 2261 351 2330 Lucus,
371 2270 401 2316 et
414 2257 539 2316 obscuris
552 2256 690 2313 claudunt
703 2255 880 2313 convallibus
891 2260 1011 2316 umbrae.

246 2363 301 2421 sed
315 2380 373 2418 non
387 2371 453 2419 ante
466 2360 550 2417 datur
564 2356 673 2414 telluris
685 2366 782 2433 operta
795 2357 898 2427 subire,

246 2464 417 2523 Auricomos
431 2473 518 2538 quam
531 2460 594 2536 quis
607 2460 777 2536 decerpserit
789 2463 889 2519 arbore
901 2463 986 2523 fetus.

246 2568 313 2626 Hoc
325 2566 377 2624 fibi
390 2565 507 2644 pulchra
521 2566 603 2622 suum
616 2564 685 2622 ferri
698 2564 861 2642 Proserpina
873 2585 977 2623 munus

246 2669 383 2728 Instituit.
424 2669 517 2726 Primo
531 2667 624 2726 evolso
636 2687 695 2725 non
708 2669 805 2725 deficit
818 2669 889 2726 alter

246 2775 360 2832 Aureus
365 2797 373 2844 3
395 2782 424 2830 et
437 2767 521 2829 srmili
534 2770 688 2828 frondescit
701 2771 781 2848 virga
799 2772 924 2830 metallo.

246 2877 323 2953 Ergo
336 2877 393 2934 alte
405 2875 510 2952 vestiga
522 2875 620 2943 oculis,
641 2883 672 2932 et
684 2873 739 2932 rite
751 2886 896 2952 repertum

247 2980 340 3056 Carpe
357 2976 459 3038 minu:
482 2997 605 3054 namque
622 2977 683 3055 ipse
695 2979 802 3048 volens,
822 2979 980 3056 facilisque,
1000 2980 1042 3037 se·

323 3093 436 3157 queror,

202 3169 203 3177 ¹
246 3184 275 3242 Si
288 3194 318 3241 tc
331 3185 390 3243 fata
403 3195 521 3255 vocant3
543 3185 635 3255 aliter,
655 3205 713 3244 non
727 3181 834 3245 viribus
846 3187 913 3243 ullis

246 3287 378 3358 Vmcere,
399 3307 451 3347 nec
465 3289 535 3382 duro
547 3289 654 3365 poteris
667 3289 825 3350 convellere
839 3290 922 3347 ferro.
