2509 3875
233 355 289 407 108
483 349 758 422 AENEIDOS,
914 346 1022 408 uam.

230 504 385 561 submovet
397 523 517 576 oceano,
538 515 578 578 et,
591 508 612 564 fi
624 525 721 583 quem,
734 511 849 564 extenta
863 503 1012 581 plagarum

230 606 364 663 Quatuor
376 606 407 664 iu
421 607 526 677 medio,
544 608 656 666 dirimit
668 609 751 686 plaga
765 607 836 666 Solia
853 605 957 682 iniqui.

229 705 349 764 Diluvio
360 726 397 765 ex
409 706 469 777 illo,
490 718 534 766 tot
547 711 620 768 vasta
633 730 685 787 per
698 729 811 786 aequora
823 709 905 779 veui,

229 808 283 866 Dis
295 809 390 867 sedem
401 811 537 887 exiguam
550 813 657 888 patriis,
677 811 801 888 litusque
813 829 946 887 rogamus

228 911 403 983 Innocuam,
423 922 454 970 et
471 913 581 972 cunbtir
594 914 768 989 undamque,
786 929 950 988 auramque,
970 931 1020 990 pa·

307 1022 425 1070 tentem.

228 1114 299 1181 Nun
310 1115 415 1173 erimus
427 1135 516 1192 reguo
530 1117 688 1188 indecorem
710 1135 763 1176 nec
775 1118 862 1175 vestra
875 1116 982 1174 feretrrr

228 1217 314 1276 Fama
326 1219 405 1290 ieris,
425 1220 534 1277 tantive
546 1219 686 1278 abolescet
699 1220 788 1296 gratia
801 1219 883 1290 fautu

227 1320 293 1378 Nec
304 1319 419 1397 Trbjam
432 1321 574 1380 Ausonios
588 1321 698 1397 gremio
710 1320 848 1396 excepisse
860 1319 980 1397 pigebit.

98 1468 103 1475 ,
226 1420 296 1481 Fata
308 1441 360 1499 per
372 1424 475 1481 AEueae
483 1421 558 1499 juro,
577 1424 763 1499 dextramque
776 1431 933 1500 potentem,

227 1523 295 1581 Sive
308 1523 374 1594 fide,
394 1523 443 1581 seu
454 1523 518 1600 quis
531 1525 606 1582 bello
617 1524 658 1582 est
669 1533 811 1600 expertus,
831 1533 860 1582 et
873 1523 957 1582 armis
961 1547 969 1594 ς

226 1625 319 1684 Multi
332 1644 384 1684 nos
395 1625 504 1702 populi,
522 1626 622 1684 multae
636 1630 686 1702 (ue
700 1635 804 1696 temne,
818 1627 894 1702 quod
907 1626 984 1683 ultro

227 1728 404 1787 Praeserimus
417 1729 549 1787 manibus
560 1728 654 1799 vittas,
674 1749 707 1786 ac
720 1731 804 1787 verba
816 1730 974 1806 precantia)

225 1831 266 1892 Et
277 1831 384 1907 petiere
397 1831 457 1898 fibi,
476 1841 507 1888 et
519 1831 634 1889 voluere
646 1829 808 1908 adjungere,
828 1840 935 1920 gentes.

227 1934 282 1991 Sed
295 1954 346 1993 noe
357 1933 417 1991 fata
429 1934 517 1991 deum
529 1934 631 1992 vestras
643 1933 792 2011 exquirere
805 1942 893 1992 terras

226 2034 357 2112 Imperiis
369 2054 453 2112 egere
465 2036 531 2093 suis.
570 2036 649 2095 Hinc
662 2036 812 2093 Dardanus
824 2046 902 2094 ortus

225 2138 294 2196 Huc
307 2138 410 2214 repetit
413 2161 423 2209 3
440 2137 577 2213 juffisque
588 2137 755 2214 ingentibus
767 2146 871 2214 urguet
883 2138 990 2215 Apollo

225 2240 407 2316 Tyrrhenum
419 2240 455 2297 ad
467 2239 619 2315 Thybrim,
639 2248 669 2297 et
680 2239 768 2297 fontis
781 2240 851 2299 vada
864 2239 940 2299 sacra
953 2240 1017 2297 Nu·

230 2365 239 2403 .·
304 2340 383 2397 mici.

214 2444 285 2501 -Dat
298 2441 353 2499 tibi
364 2450 499 2517 praeterea
511 2442 642 2499 Fortunae
654 2461 739 2518 parva
751 2443 851 2520 prioris
960 2431 961 2437 ἵ

225 2545 359 2612 Munera,
377 2542 512 2618 reliquias
523 2542 610 2619 Troja
621 2562 659 2603 ex
671 2546 787 2603 ardente
799 2554 935 2622 receptas.

223 2648 291 2705 Hoc
303 2655 383 2723 pater
395 2644 533 2702 Anchises
545 2664 614 2703 auro
626 2645 734 2703 libabat
747 2648 783 2704 ad
795 2666 869 2717 aras3
933 2712 935 2717 s

223 2747 407 2811 Hoc.Priami
420 2747 563 2823 gestamen
576 2756 647 2818 erat,
667 2767 757 2824 quum
765 2748 830 2825 jura
842 2748 949 2809 vocatia
1080 2804 1082 2811 .

223 2852 307 2910 More
319 2852 400 2909 daret
411 2849 533 2926 populis,
550 2847 758 2925 sceptrumque,
777 2849 909 2929 sacerque
923 2851 1015 2921 tiaras,

223 2953 404 3028 Iliadumque
416 2952 506 3017 labor,
526 2950 621 3009 vestes.
1123 2932 1127 2940 ⁸

258 3054 378 3115 Talibus
389 3053 491 3112 ffiouei
502 3052 586 3111 diuis
596 3052 691 3111 defixa
705 3053 825 3113 latinus

221 3156 337 3215 Obtutu
350 3165 429 3213 tenet
441 3161 498 3225 ora,
519 3155 635 3231 soloque
647 3155 793 3216 inmobilis
805 3157 905 3229 haeret,

222 3260 480 3322 Intentos-volvem
491 3260 602 3319 oculos:
623 3276 678 3319 nee
688 3277 814 3338 purpura
826 3280 923 3339 regem
