2509 3875
248 250 303 305 1⁸4
504 244 780 314 AENEIDOS,
935 250 1043 314 v.595.
1153 148 1163 368 i

244 401 272 458 la
285 399 408 477 primam
420 406 487 459 ante
499 400 600 470 aciem,
613 400 701 478 digna
714 409 802 477 atque
813 398 936 475 indigna
948 394 1045 455 relatu

244 500 413 559 vociferans
427 502 610 578 tumidusque
623 522 698 561 novo
709 501 864 579 praecordia
876 518 977 577 regno,

245 604 319 671 Ibat,
338 612 369 661 et
380 603 528 681 ingentem
542 603 599 663 sese
612 606 736 663 clamore
748 604 872 661 ferebat:

284 706 355 763 Nou
368 706 457 783 pudet
469 706 615 765 obsidione
627 706 735 764 iterum
747 706 878 781 valloque
890 702 994 772 teneri,

245 807 294 867 Bis
307 808 383 885 capti
397 807 530 885 Phryges,
550 818 581 865 et
593 806 683 865 Marti
695 806 870 883 praetendere
882 807 996 863 muros?

246 908 306 968 Eni
328 910 378 985 qui
391 909 482 967 nostra
495 908 547 967 fibi
560 909 635 967 bello
647 908 791 967 connubia
803 906 934 984 poscunt.
1159 879 1169 992 i

246 1010 322 1069 Quis
335 1011 405 1069 deus
418 1010 541 1079 Italiam,
561 1030 627 1086 quae
639 1030 689 1069 vos
701 1010 847 1069 dementia
860 1007 973 1084 adegit?

246 1113 315 1171 Non
326 1112 375 1171 hic
388 1112 508 1183 Atridae,
529 1130 582 1169 nec
595 1112 677 1181 fandi
690 1111 901 1170 neormam:

245 1214 361 1273 Durum
374 1216 410 1272 ab
422 1213 506 1291 stirpe
518 1232 618 1291 genus,
638 1222 719 1272 natos
731 1216 768 1272 ad
780 1212 902 1271 flumina
914 1213 1045 1288 primum

247 1314 422 1385 Deferimus‚
444 1314 573 1391 saeroque
586 1316 655 1392 gelu
667 1316 812 1385 duramus,
831 1329 862 1373 et
874 1314 973 1387 uudim

246 1417 361 1475 Venatu
373 1416 528 1493 invigilant
540 1418 632 1494 pueri,
651 1418 789 1493 iilvaaque
801 1417 927 1494 fatigant
931 1444 941 1489 3

246 1518 371 1577 neuere
384 1519 468 1577 ludus
480 1538 577 1595 equos,
597 1526 626 1577 et
642 1518 750 1595 spicula
763 1519 879 1577 tendere
891 1537 992 1577 cornu.

247 1621 290 1679 At
302 1621 412 1698 patiens
425 1640 553 1699 operum,
573 1640 717 1697 parvoque
730 1620 855 1691 adsueta,
869 1620 1007 1697 juventus

247 1728 310 1783 Aut
322 1726 414 1784 rastris
425 1736 529 1783 terram
543 1726 650 1792 domat,
669 1733 721 1783 aut
732 1724 826 1801 quatit
840 1724 944 1801 oppida
958 1724 1046 1784 bello.

246 1828 343 1887 Omne
355 1848 448 1887 aevum
462 1829 538 1887 ferro
551 1827 661 1897 teritur,
680 1826 818 1903 vertique
825 1826 986 1904 juvencum

246 1932 341 2008 Terga
354 1931 509 2009 fatigamus
522 1929 616 1990 hasta:
639 1949 692 1989 nec
706 1931 787 1989 tarda
800 1929 928 1988 senectus

246 2034 388 2092 Debilitat
403 2034 473 2092 vires
485 2034 583 2104 animi,
603 2042 753 2110 mutatque
763 2034 900 2111 vigorem.

247 2136 393 2194 Canitiem
405 2135 486 2212 galei
499 2136 675 2211 premimus;
696 2136 862 2212 semperque
875 2135 995 2213 recentis

247 2237 423 2312 conportare
430 2235 513 2312 juvat
523 2239 641 2312 praedas,
661 2246 692 2296 et
702 2237 799 2295 rivere
812 2247 901 2315 rapto.

247 2336 337 2394 Vobis
350 2337 425 2412 pieta
439 2355 530 2406 croco,
549 2347 579 2395 et
594 2338 719 2414 fulgenti
731 2340 851 2408 murice,
865 2338 959 2410 restim

160 2419 170 2516 ἰ
247 2437 370 2496 Defidiae
382 2438 479 2510 cordi3
495 2437 577 2515 juvat
590 2438 740 2516 indulgere
753 2441 876 2511 choreia;

248 2541 286 2597 Et
298 2540 403 2597 tunicae
414 2539 549 2608 manicas,
568 2554 598 2598 et
611 2540 719 2599 habent
730 2542 898 2601 redimicula
911 2543 1012 2602 mitrae.

247 2640 504 2717 OverePhrygiae!
525 2644 709 2716 nequeenim
719 2644 856 2720 Phrygem
873 2644 915 2702 ite
925 2646 1049 2722 peralta

247 2746 404 2821 Dindyma,
423 2743 475 2801 ubi
487 2743 609 2802 adsuetis
628 2745 751 2802 biforem
763 2746 812 2803 dat
825 2746 897 2804 tibia
909 2757 1041 2806 cautum:

245 2850 397 2926 Tympana
409 2865 458 2903 vos
470 2847 619 2920 buxusque
633 2855 737 2904 vocant
750 2847 918 2923 Berecyntia
930 2849 1043 2906 matris·
1108 2829 1117 2840 ’

247 2950 340 3007 Idaeae
379 2948 469 3006 Sinite
482 2966 558 3006 arma
572 2947 650 3016 viris,
668 2958 699 3005 et
710 2947 805 3005 cedite
817 2948 901 3007 ferro.

276 3051 368 3108 ⁴Talia
377 3049 533 3126 jadiantem
547 3049 639 3117 ditiis,
659 3068 693 3106 ac
706 3049 768 3106 dira
781 3061 942 3122 canentem,

247 3152 317 3209 Non
330 3153 397 3210 tulit
403 3152 560 3224 Ascanium
581 3167 726 3228 nervoque
737 3151 986 3228 obversuaequno
1041 3194 1044 3198 -
