2509 3875
249 352 306 407 120
512 335 791 418 mnnrbon
931 353 1042 406 nna.

241 498 355 558 Deserit
368 500 550 579 Hesperiam
571 515 610 572 et,
631 505 696 562 ooeli
709 504 842 564 conversa
857 521 909 580 per
921 521 1011 572 auras,

241 604 386 680 Junonem
399 603 501 662 vistrix
513 607 630 664 adfatur
642 627 711 665 voce
722 607 855 684 superbi:

242 704 300 762 Enl
321 705 447 780 perfetta
460 707 515 764 tibi
528 708 605 765 bello
616 709 756 768 discordia
770 709 856 766 tristi:

243 807 311 877 Dic,
332 807 364 864 in
377 808 537 866 amicitiam
548 813 659 880 coeant,
679 821 709 868 et
722 811 828 868 foedera
837 810 971 886 jungant,

243 909 489 985 Quandoquidem
514 911 645 970 Ausonio
667 912 782 990 respersi
806 912 944 989 sanguine
962 913 1042 970 Teu·

322 1029 397 1068 cros:

243 1113 309 1170 Hoc
322 1108 411 1170 etiam
423 1112 468 1171 hia
481 1115 593 1184 addam,
614 1126 665 1188 tna
678 1117 696 1174 fi
712 1117 786 1174 mihi
799 1127 876 1176 certa
889 1117 1028 1186 voluntas,

241 1215 265 1272 F
266 1213 395 1272 initimas
406 1214 439 1271 in
450 1217 525 1273 bella
539 1217 630 1275 feram
643 1219 804 1276 rumoribus
818 1219 904 1287 urbis,

243 1317 474 1391 Adcendamqne‘
483 1318 594 1376 animos
606 1319 700 1377 insani
713 1321 817 1378 Martis
829 1339 934 1389 amore,

242 1418 381 1494 Undique
400 1429 436 1476 ut
458 1420 567 1478 auxilio
585 1423 716 1494 veniant3
738 1422 868 1498 spargam
890 1434 969 1480 arma
989 1439 1041 1498 per

320 1539 411 1596 agros.

240 1623 319 1680 Tum
342 1633 441 1681 contra
454 1624 545 1701 Juno:
573 1627 732 1684 Terrorum
750 1635 781 1684 et
797 1626 906 1684 fraudis
926 1625 1043 1684 abunde

320 1725 373 1796 estj
949 1804 952 1812 .

243 1828 325 1884 Stant
337 1828 406 1886 belli
419 1829 533 1901 canisae3
555 1840 700 1907 pugnatur
712 1831 863 1889 conminus
876 1831 962 1888 armis
967 1856 976 1903 ς

243 1931 321 2010 Qnae
333 1931 391 1989 fors
402 1932 495 2008 prima
507 1934 595 2003 dedit,
609 1933 725 2011 sanguis
740 1953 830 1992 novus
843 1933 938 1992 inbuit
952 1952 1040 1993 arma.

241 2034 325 2091 Talia
338 2032 480 2110 conjugia,
499 2044 530 2091 et
543 2036 607 2092 talis
620 2037 765 2093 celebrent
778 2036 942 2113 hymenaeos

242 2136 399 2212 Egregium
412 2137 534 2195 Veneris
548 2137 638 2212 genus
652 2147 681 2193 et
694 2156 744 2194 rex
761 2136 821 2213 ipse
835 2139 963 2197 Latinus.

241 2238 286 2294 Te
300 2237 383 2314 super
395 2237 524 2295 aetherias
537 2257 631 2295 errare
644 2238 777 2296 licentius
792 2258 873 2297 auras

241 2340 331 2397 Hand
344 2340 426 2396 Pater
438 2339 488 2395 ille
500 2340 580 2408 velit,
600 2339 704 2397 summi
718 2353 851 2417 regnator
863 2340 999 2418 Olympi:

241 2441 320 2497 Cede
332 2441 410 2497 locis.
438 2442 510 2516 Ego,
524 2444 543 2498 fi
557 2461 615 2517 qua
625 2441 709 2519 snper
720 2442 835 2501 fortuna
849 2444 980 2501 laborum
990 2444 1039 2516 est,

242 2543 305 2621 Ipse
317 2562 424 2619 regam.
462 2544 542 2601 Talia
554 2546 671 2602 dederat
685 2547 816 2603 Saturnia
834 2566 925 2605 voces.

242 2646 296 2703 Illa
309 2656 406 2703 antem
419 2646 542 2715 adtollit,
562 2647 704 2705 stridentis
717 2650 868 2725 anguibus,
889 2650 963 2721 alas,

242 2746 404 2824 Cocytique
417 2749 490 2824 petit
501 2747 607 2818 sedem,
628 2750 729 2826 supera
743 2751 831 2809 ardna
844 2752 989 2828 linquens.

280 2853 328 2910 Est
340 2853 428 2921 locus,
448 2852 540 2909 ltaliae
552 2853 658 2921 medio,
679 2853 730 2913 sub
743 2856 890 2913 montibus
903 2856 979 2927 altis,

241 2954 366 3022 Nobilis,
386 2963 417 3012 et
428 2955 505 3012 fami
519 2954 618 3012 multis
632 2965 805 3013 memoratus
818 2956 849 3013 in
863 2957 930 3027 oris,

241 3056 390 3114 Amsantii
401 3057 501 3114 valles:
523 3057 614 3113 densis
626 3056 705 3114 hunc
719 3058 869 3117 frondibus
883 3070 980 3118 atrum

241 3158 356 3233 Urguet
368 3158 514 3234 utrimque
530 3158 605 3216 latus
624 3158 757 3228 nemoris,
778 3161 931 3237 medioque
944 3163 1040 3239 frago-

320 3260 367 3317 sus

526 3462 538 3496 i
