2509 3875
253 298 313 361 aad
511 298 790 371 AENatnos,
945 308 1054 373 v.701.

255 456 343 517 Haud
357 454 498 535 Ligurum
516 466 670 529 extremm,
688 459 760 517 dum
778 456 877 517 saliere
896 458 957 517 sata
977 459 1052 517 fine·

331 562 410 619 bant.

254 662 347 739 Isque,
366 660 416 720 ubi
432 661 461 721 se
475 662 553 720 nullo
562 660 622 739 jam
636 662 720 721 cursu
735 662 855 720 evadere
867 680 972 738 pugnae

255 764 342 833 Poffe,
362 783 456 841 neque
468 764 620 823 instantem
634 766 763 841 reginam
773 774 908 834 avertere,
926 765 1030 834 cernit,

255 866 382 925 Consilio
395 866 503 925 versare
516 866 595 925 dolos
607 866 754 942 ingressus,
774 876 806 924 et
817 866 887 935 astu,

255 968 362 1047 Incipit
376 968 451 1027 bec:
475 968 556 1027 Quid
570 978 628 1027 tam
646 968 805 1046 egregium,
825 969 845 1026 fi
859 968 967 1027 femina
979 970 1051 1028 forti

255 1070 333 1129 Fidis
345 1072 437 1145 equo?
458 1068 572 1127 dimitte
585 1070 694 1147 fugam,
710 1080 740 1128 et
752 1081 781 1128 te
794 1071 954 1129 comminue
966 1091 1053 1147 equo

256 1172 375 1230 Mecum
389 1170 471 1228 crede
484 1171 551 1239 solo,
573 1190 735 1248 pugnaeque
746 1172 866 1249 adcinge
880 1173 1015 1249 pedestri:

256 1275 322 1351 Jam
335 1272 440 1341 nosces,
454 1272 569 1331 ventosa
583 1273 656 1331 serat
668 1275 717 1331 cui
729 1273 819 1350 gloria
833 1276 957 1333 laudem.

257 1374 357 1435 Dixit:
380 1384 409 1432 at
422 1372 472 1433 illa
484 1374 591 1443 furens,
610 1375 726 1451 acrique
738 1376 856 1434 adcensa
869 1377 975 1448 dolore,

257 1476 360 1537 Tradit
372 1495 477 1554 equum
491 1476 601 1547 comiti,
614 1477 786 1553 paribusque
798 1478 897 1536 refistit
910 1479 941 1536 in
953 1480 1052 1553 armio,

256 1579 331 1639 Ense
344 1582 428 1657 pedes
441 1580 527 1649 nudo,
546 1580 674 1655 purique
686 1579 816 1637 interrita
829 1581 936 1657 parmi.

255 1686 298 1743 At
307 1683 428 1763 juvenis,
448 1682 543 1741 vicisse
557 1682 622 1739 dolo
635 1689 721 1751 ratus,
741 1684 835 1741 avolat
847 1682 915 1759 ipse,

256 1788 346 1847 Haud
357 1804 434 1845 mora
441 1811 449 1857 ς
473 1785 668 1860 conversisque
680 1784 770 1861 fugax
783 1786 911 1843 aufertur
922 1786 1055 1859 habenis,

258 1892 538 1969 Quadrupedemque
549 1888 640 1947 citum
653 1888 757 1946 ferrati
769 1889 847 1947 calce
859 1889 973 1967 fatigat.

256 1995 339 2054 Vane
353 1995 450 2071 Ligus,
470 1993 626 2068 frustraque
639 1992 742 2051 animia
754 1993 828 2051 elate
841 1993 976 2070 superbis,

257 2099 461 2175 Nequidquam
473 2098 576 2174 patrias
589 2095 701 2153 tentasti
713 2095 839 2153 lubricus
851 2098 935 2167 artis;

257 2201 322 2259 Nec
334 2202 410 2258 sraus
423 2211 452 2257 te
464 2201 640 2258 incolumem
653 2199 746 2258 sallaci
759 2200 882 2277 perserct
897 2203 994 2258 Auno.

257 2305 329 2361 Haec
343 2303 420 2361 fatur
431 2303 526 2382 virg03
548 2314 587 2372 et,
606 2303 768 2379 pernicibus
780 2303 865 2380 ignea
878 2304 992 2379 plantio,

255 2406 372 2463 Transit
385 2424 491 2480 equum
504 2407 596 2474 cursu,
615 2407 759 2482 frenisque
772 2405 885 2464 adversa
897 2408 1044 2482 prehensis

257 2508 458 2584 Congreditur‚
469 2527 621 2585 poenasque
631 2509 749 2566 inimico
759 2529 796 2567 ex
806 2509 943 2586 sanguine
951 2510 1053 2571 sumit.

259 2614 356 2672 Quam
370 2611 454 2670 sacile
467 2607 602 2688 accipiter
614 2613 690 2682 saxo,
706 2622 758 2670 aut
769 2612 846 2671 sacer
856 2613 922 2682 ales,
942 2615 978 2670 ab
991 2615 1055 2674 alto

255 2716 447 2792 Consequitur
457 2715 566 2792 pennis,
575 2716 726 2774 sublimem
734 2716 764 2774 in
776 2719 861 2786 num,
868 2716 1034 2776 columbam
1039 2743 1052 2790 3

257 2820 506 2899 conprensamque
520 2829 606 2888 tenet,
620 2819 796 2895 pedibusque
806 2819 940 2878 eviscerat
949 2820 1051 2878 uncis:

256 2925 334 2982 Tum
347 2943 439 2992 cruor,
459 2933 489 2980 et
501 2922 585 2981 vulsae
597 2923 735 2980 labuntur
746 2924 783 2980 ab
794 2922 900 2979 aetbere
912 2922 1030 2997 plumae.

294 3029 346 3098 At,
360 3045 418 3085 non
430 3027 492 3085 haec
505 3026 591 3084 nullis
608 3025 761 3083 hominum
777 3026 862 3095 sator,
881 3036 967 3100 atque
979 3026 1052 3084 deo·

313 3203 317 3210 ¹
370 3149 443 3198 rum,
697 3166 699 3169 v

257 3228 415 3294 Observaus
427 3233 526 3304 oculis,
547 3233 658 3292 summo
670 3231 748 3290 sedet
759 3231 834 3289 altus
847 3229 984 3306 Olympo.
