2509 3875
215 338 244 379 v.
259 326 323 391 149.
517 319 616 377 LIB.
656 317 710 378 XI.
956 322 1018 380 2³5

217 476 272 537 sed
285 474 408 535 venitin
422 475 540 535 medios.
580 474 697 531 Feretro
708 470 959 551 Pallantareposto
1014 498 1017 504 ·

217 579 372 640 Procubuit
391 578 483 656 super,
502 588 589 655 atque
608 578 708 648 haeret,
725 576 943 651 lacrimansque,
963 593 1013 652 ge-

334 700 488 757 mensque;

72 835 81 865 1.
219 786 257 843 Et
270 783 316 845 uia
329 782 379 843 vix
393 784 509 843 tandem
521 782 585 841 voci
597 783 692 841 laxata
704 782 802 843 dolore
814 781 867 839 est:

72 884 75 905 '
168 968 171 971 Ι
218 887 288 947 Non
302 886 374 957 haec,
394 906 413 943 ο
426 886 514 947 Palla!
537 886 654 945 dederas
665 883 806 961 promiss'a,
826 883 946 959 petenti,

220 982 341 1049 Caut'ius
353 999 386 1049 ut
399 988 472 1049 saevo
484 988 571 1049 velles
583 998 613 1046 te
625 988 740 1049 eredere
752 987 854 1049 Marti.

166 1138 169 1144 .
219 1094 308 1151 Haud
317 1092 434 1169 ignarus
443 1112 531 1163 eram,
542 1102 684 1167 quantum
693 1110 767 1149 nova
777 1091 868 1168 gloria
876 1091 908 1152 iu
919 1090 1013 1162 armis,

220 1196 258 1263 Et
271 1194 414 1272 praedulce
427 1196 512 1253 decus
524 1194 618 1270 primo
630 1193 796 1265 certamine,
815 1193 913 1271 poffet.
1010 1224 1015 1241 ·

220 1297 358 1357 Primitiae
366 1295 479 1374 juvenis
491 1295 614 1357 miserae!
637 1296 763 1371 bulique
775 1296 928 1372 propinqui
1010 1359 1015 1383 ἶ

220 1402 301 1461 Dura
313 1400 487 1459 rudimenta!
509 1409 549 1469 et,
569 1398 645 1459 nulli
655 1398 790 1458 exaudita
803 1399 931 1469 deomm,
1013 1460 1017 1470 ,

221 1506 306 1575 Vota,
326 1522 478 1581 precesque
498 1502 584 1563 meael
606 1510 705 1579 tuque,
723 1522 743 1561 ο
760 1502 930 1561 sanffiffima
948 1520 1018 1561 oon·

295 1605 383 1683 junx!

221 1710 302 1769 Felix
320 1720 411 1775 morte
425 1712 488 1782 tua;
511 1729 605 1786 neque
618 1708 650 1767 in
662 1708 740 1767 hunc
752 1707 860 1767 servata
873 1707 1015 1767 dolorem!

222 1815 331 1875 Contra
344 1833 398 1890 ego
411 1813 533 1873 vivendo
546 1813 603 1873 vici
616 1830 681 1871 mea
694 1812 762 1880 fata,
782 1810 918 1889 superstes
1013 1840 1018 1847 ·

222 1918 367 1978 Restarem
379 1926 414 1976 ut
426 1917 548 1996 genitor.
579 1917 692 1977 Troum
702 1914 776 1977 socia
788 1933 867 1974 arma
880 1912 1020 1985 secutum,

171 2049 173 2054 κ
223 2021 387 2080 Obruerent
400 2021 503 2080 Rutuli
516 2020 592 2080 telis!
615 2019 743 2080 animam
755 2017 814 2094 ipse
827 2017 973 2087 deditum,

223 2123 324 2201 Atque
336 2124 398 2184 haec
416 2144 520 2204 pompa
537 2127 657 2184 domum
673 2141 731 2195 me,
749 2140 807 2182 uon
820 2122 955 2190 Pallanta,
975 2140 1020 2181 re·

301 2231 400 2292 ferret!
710 2305 712 2309 ἲ

224 2338 290 2396 Nec
302 2355 351 2394 vos
363 2333 518 2411 arguerim,
530 2332 647 2401 Teucri,
666 2350 719 2390 nee
733 2331 849 2400 federa,
868 2349 931 2401 nec,
951 2348 1022 2407 quae

225 2438 379 2518 Junximus
391 2436 523 2513 hospitio,
544 2437 671 2494 dextras:
693 2434 750 2493 sors
761 2435 813 2494 ista
825 2435 943 2495 senestae

225 2542 332 2600 Debita
345 2550 405 2598 erat
418 2539 525 2600 nostrae.
567 2539 666 2607 Quod,
686 2539 706 2596 fi
719 2538 863 2599 inmatura
875 2540 1010 2599 manebat

226 2645 307 2702 Mors
321 2654 430 2714 uatum,
450 2643 526 2702 caefis
538 2642 708 2702 Volscorum
720 2643 848 2702 millibus
861 2650 937 2711 ante,

227 2748 390 2806 Ducentem
403 2748 433 2804 in
447 2747 563 2806 Latium
573 2747 708 2816 Teucros,
729 2745 857 2804 cecidisse
866 2743 988 2819 juvabit.

228 2850 310 2914 Quin
324 2869 378 2928 ego
391 2870 450 2909 uon
463 2851 519 2909 alio
532 2851 635 2927 digner
647 2858 677 2906 te
690 2849 799 2918 funere,
820 2846 906 2913 Palla,

228 2956 327 3014 Quam
346 2956 410 3033 pius
427 2955 545 3024 AEneas,
570 2963 601 3012 et
617 2971 705 3028 quam
723 2950 822 3028 magni
839 2948 973 3025 Phryges,
992 2955 1024 3012 et

305 3079 392 3135 quam

225 3161 427 3238 Tyrrhenique
441 3161 535 3228 duces,
545 3158 730 3236 Tyrrhenum
741 3155 882 3216 exercitus
894 3157 1003 3216 omnia:

226 3265 338 3342 Magna
350 3273 455 3341 tropaea
467 3262 574 3335 ferunt,
594 3280 666 3338 quoa
678 3262 729 3321 dat
741 3270 792 3321 tua
803 3261 920 3322 dextera
930 3259 1000 3324 leto.
