2509 3875
242 312 299 363 282
504 306 547 367 ΛΕ
559 306 590 367 Ν
604 308 630 365 Ε
643 306 657 364 1
670 306 700 365 D
712 305 742 365 Ο
754 306 782 375 S,
937 302 1055 363 maan.

243 460 399 521 Fortunam
412 478 450 519 ex
462 460 533 521 aliia.
574 463 664 522 Nunc
677 472 706 521 te
717 480 784 521 mea
795 462 912 519 dextera
925 459 1006 517 bello

244 560 403 623 Defensurn
416 563 506 633 dabit,
524 574 554 623 et
566 584 671 643 magno
683 564 761 623 inter
777 563 894 642 praemia
907 564 1006 619 ducet.

243 666 292 723 Tu
305 662 402 735 facito,
423 684 491 725 mox
504 684 572 725 cum
584 677 699 727 matura
711 665 868 725 adoleverit
877 676 955 732 aetaa,

245 766 288 827 stc
300 786 409 827 memor
413 792 422 839 5
443 778 473 827 et
487 778 524 841 te,
536 768 634 829 animo
646 780 823 846 repetentem
835 768 968 845 exempla
979 777 1054 826 tuo·

322 888 396 941 rum,

244 974 282 1035 Et
294 984 375 1051 pater
387 972 505 1043 AEneas,
525 982 555 1031 et
567 974 726 1033 avunculus
738 973 849 1031 excitet
861 972 982 1031 Hector.

284 1074 357 1133 Haec
369 1074 421 1133 ubi
433 1074 508 1133 diua
521 1074 610 1143 dedit,
628 1075 718 1152 portis
730 1074 788 1133 sese
799 1074 907 1133 extulit
919 1074 1035 1157 ingens,

244 1176 351 1235 Teluni
358 1176 475 1235 inmane
483 1194 572 1235 manu
580 1177 724 1261 quatiens:
740 1177 824 1235 timul
834 1177 1052 1254 agminedenso

244 1278 435 1355 Antheusque
457 1278 681 1356 Mnestheusque
699 1290 804 1351 ruunt;
829 1279 980 1355 omniaque
1001 1300 1051 1339 re·

321 1379 396 1439 lictis

243 1484 342 1543 'Ibrba
355 1482 421 1541 uuit
434 1482 541 1543 castris:
564 1492 628 1543 tum
641 1484 846 1562 computrere
858 1504 977 1562 campus

244 1586 393 1659 Miscetur,
414 1587 556 1665 pulsuque
568 1588 678 1665 pedum
691 1588 789 1647 tremit
801 1590 895 1647 excita
909 1589 1006 1649 tellus.

244 1690 328 1749 Vidit
341 1693 377 1750 ab
389 1690 505 1749 adverso
518 1690 660 1749 uenientis
672 1709 778 1767 aggere
788 1691 914 1761 Turnus,

243 1793 351 1853 Videre
363 1793 486 1853 Ausonii
493 1818 501 1865 3
523 1792 691 1869 gelidusque
705 1810 757 1869 per
768 1791 826 1851 ima
839 1794 967 1855 cucurrit

243 1892 312 1956 offa
326 1906 440 1956 tremor.
481 1894 574 1954 Prima
587 1903 655 1953 ante
666 1894 894 1973 omuieJuturna
909 1895 1029 1956 Latinos

243 1999 358 2070 Audiit,
372 1999 567 2078 adgnovitque
580 1996 692 2064 sonum,
704 2009 734 2056 et
747 1997 914 2056 tremefacta
925 1999 1049 2078 refugit.

243 2102 298 2160 Ille
311 2103 397 2171 volat,
417 2117 574 2178 campoque
586 2109 683 2157 atrum
694 2098 769 2175 rapit
780 2117 885 2176 agmen
899 2110 1010 2176 aperto.

245 2203 359 2276 Qualis,
381 2203 431 2262 ubi
444 2203 480 2262 ad
494 2214 590 2270 terras,
611 2203 735 2277 abrupto
748 2202 847 2272 fidere,
867 2202 985 2260 nimbus

243 2307 273 2364 It
286 2325 363 2363 mare
375 2323 427 2381 per
440 2304 567 2362 medium
572 2328 580 2374 ;
603 2302 721 2372 miseris,
734 2303 805 2361 heu!
827 2304 944 2381 praescia
956 2305 1050 2384 longe
1163 2354 1165 2377 ,

243 2405 422 2466 Horrescunt
434 2407 517 2462 corda
532 2404 678 2481 agricolis,
702 2404 783 2463 dabit
795 2406 845 2464 ilie
857 2407 954 2465 minas

244 2508 413 2578 Arboribus,
425 2508 604 2584 stragemque
616 2508 699 2580 satis;
721 2519 785 2567 ruet
797 2510 895 2568 omnia
909 2511 967 2568 late
974 2528 983 2582 3

243 2615 324 2673 Ante
337 2611 444 2678 volant,
463 2608 646 2685 sonitumque
665 2609 761 2668 ferunt
774 2613 810 2671 ad
822 2611 916 2682 litora,
930 2610 1025 2674 renti:

243 2717 324 2779 ‘ratis
337 2716 367 2774 in
381 2713 509 2773 adversos
523 2713 622 2770 ductor
636 2715 784 2773 Rhoeteius
796 2715 883 2773 hostia

244 2823 362 2900 Agmen
376 2818 451 2897 agit;
472 2817 550 2876 denfi
563 2817 671 2885 cuneis,
689 2818 718 2875 se
730 2818 861 2895 quisque,
881 2819 987 2877 coactis

245 2925 463 3002 Adglomerant.
489 2921 565 2979 Ferit
578 2921 644 2979 ense
656 2936 772 2998 gravem
779 2923 1045 2999 ThytnbraeueOsr·

323 3028 388 3098 rim,

245 3131 417 3189 Archetium
427 3129 602 3200 Mnestheus,
613 3128 773 3204 Epulonem
783 3131 934 3188 obtruncat
945 3131 1045 3190 Acha-

325 3241 375 3300 tes,
