2509 3875
175 335 205 376 v.
215 320 285 378 405.
464 311 566 379 ΜΒ,
604 309 688 377 VIII.
923 321 991 391 l'47‘

173 472 299 550 Optatos
311 474 392 532 dedit
403 475 561 556 amplexus,
581 476 783 553 placidumque
794 474 909 553 petIvit,

175 576 317 654 conjugis
329 577 440 637 infusus
453 579 574 656 gremio,
593 599 645 656 per
657 581 786 637 membra
799 579 938 655 soporem.

218 681 299 751 lnde,
312 681 363 739 ubi
376 682 469 758 prlma
482 682 572 758 quies,
586 683 683 740 medio
691 683 753 760 jam
767 681 857 742 nouis
871 683 989 742 abablae·

176 784 339 855 curriculo,
359 787 509 863 expulerat
525 787 672 858 somnum,
694 806 785 862 quum
797 787 905 844 semina
918 787 990 863 pri-·

256 907 347 957 mum,

176 989 238 1047 Cui
250 992 370 1050 tolerare
383 993 446 1050 colo
458 994 549 1052 vitam
562 993 702 1071 tenuique
715 993 851 1052 Minerva

174 1094 346 1171 Inpositum,
366 1095 493 1154 cinerem
505 1106 535 1154 et
547 1096 654 1172 sopitos
666 1095 783 1154 suscitat
795 1095 881 1174 ignis,

175 1198 305 1258 Nodem
317 1200 424 1257 addens
434 1200 527 1276 operi;
542 1201 721 1276 famulasque
734 1201 770 1258 ad
781 1201 882 1258 limina
890 1201 992 1278 longo·

175 1302 302 1360 Exercet
314 1303 401 1379 penso
405 1329 414 1375 3
437 1303 544 1361 castum
556 1315 590 1361 ut
603 1304 712 1362 servare
726 1304 822 1362 cubile

175 1404 327 1482 conjugis,
347 1417 377 1463 et
389 1407 470 1484 poffit
484 1426 583 1483 parvos
597 1409 717 1465 educere
731 1418 826 1465 natos:

174 1510 266 1567 Haud
279 1510 357 1567 secus
370 1510 543 1588 ignipotens,
557 1530 611 1568 nec
622 1520 751 1588 tempore
765 1509 878 1587 segnior
889 1509 950 1581 illo,

175 1612 319 1671 Mollibus
332 1633 349 1671 e
361 1614 452 1672 stratis
464 1634 549 1691 opera
562 1615 599 1672 ad
610 1613 724 1672 fabrilia
737 1613 838 1690 surgit.
876 1641 879 1646 ·

215 1716 311 1774 Insula
325 1717 470 1776 Sicanium
479 1716 562 1795 juxta
575 1719 659 1788 latus,
678 1717 875 1793 AEoliamque,

176 1820 309 1896 Erigitur
321 1822 453 1898 Liparen,
473 1821 652 1879 fumantibus
665 1821 752 1878 ardua
765 1819 853 1877 saxis:

178 1923 279 1983 Quam
293 1923 389 1984 subter
400 1922 509 2002 specus,
526 1935 564 1994 et,
578 1924 740 2002 Cyclopum
753 1920 835 1981 exesa
848 1919 978 1991 caminis,

177 2030 273 2087 Antra
285 2029 402 2087 AEtnaea
415 2039 517 2088 tonant
525 2056 534 2102 i
554 2029 701 2104 validique
715 2026 867 2084 incudibus
885 2018 959 2082 inus

177 2133 294 2202 Auditi,
313 2134 442 2191 referunt
458 2134 608 2211 gemitum,
629 2131 806 2207 striduntque
819 2127 947 2187 cavernis

178 2236 324 2295 Stridurae
337 2238 511 2315 Chalybum,
532 2248 562 2295 et
575 2236 739 2296 fornacibus
751 2232 829 2313 ignis
847 2230 990 2301 anhelat3'

177 2340 300 2398 Volcani
314 2342 423 2410 domus,
443 2351 473 2398 et
485 2342 623 2400 Volcania
638 2340 756 2398 nornine
768 2338 867 2396 tellus:

177 2444 246 2501 Hoc
259 2452 328 2501 tunc
340 2444 505 2521 ignipotens
517 2446 590 2503 coelo
603 2444 748 2502 descendit
761 2444 797 2500 ab
811 2442 880 2499 alto.

176 2546 297 2605 Ferrum
309 2550 480 2606 exercebant
492 2550 568 2607 vasto
581 2545 721 2625 Cyclopes
734 2546 763 2604 in
778 2555 870 2614 antro,

67 2685 84 2710 μ
176 2650 364 2727 Brontesque,
389 2652 583 2729 Steropesque,
608 2660 639 2709 et
659 2650 901 2709 nudus·membra
923 2647 977 2721 Py·

256 2774 382 2814 raemon.

177 2858 235 2917 His
248 2858 436 2920 informatum
449 2858 590 2928 manibus,
610 2854 672 2934 jam
684 2866 764 2933 parte
777 2853 876 2931 polita,

177 2962 301 3021 Fulmen
313 2972 389 3034 erat,
411 2971 473 3020 toto
485 2962 599 3040 genitor
611 2980 676 3037 quae
687 2958 810 3037 plurima
823 2954 909 3013 coelov

178 3062 289 3140 Dejicit
301 3063 332 3119 in
345 3074 446 3122 terras:
467 3067 531 3141 pars
543 3062 699 3140 inperfesta
712 3060 856 3119 manebat.

176 3166 245 3225 Tris
256 3165 357 3223 imbris
370 3164 438 3223 torti
449 3166 552 3236 radios,
571 3165 623 3223 tris
635 3163 719 3222 nubis
731 3159 851 3237 aquosae,

178 3266 375 3341 Addiderunt,
396 3267 475 3327 rutili
488 3268 540 3326 tris
551 3265 638 3344 ignis,
657 3276 686 3324 et
699 3264 774 3323 alitis
787 3260 879 3320 austri.
