2509 3875
189 262 218 302 v.
231 246 281 302 40.
497 242 594 301 LIB.
635 243 673 303 X.
932 251 987 313 195

189 399 255 459 Sors
267 398 375 473 rerum)
390 409 495 469 movet,
515 408 545 458 et
557 398 664 476 superis
676 397 788 457 inmissa
800 395 917 475 repente
930 399 934 404 ’

79 492 80 509 ’
189 504 313 573 Allecto,
333 505 439 561 medias
453 504 559 562 Italum
573 504 710 561 bacchata
722 520 775 579 per
785 502 874 559 urbia.

191 606 246 665 Nil
259 606 342 684 super
353 608 474 684 imperio
487 626 614 666 moveor:
637 606 813 683 speravimus
824 606 885 675 ista,

192 710 272 768 Dum
285 710 401 769 fortuna
421 712 491 769 fuit:
513 712 639 778 vincant,
659 730 730 787 quos
742 708 855 767 vincere
868 708 968 766 mavia.

191 812 220 871 Si
234 814 312 871 nulla
326 815 365 871 est
377 816 467 893 regio,
484 814 603 874 Teucris
616 834 704 890 quam
716 814 766 871 det
780 823 830 869 tua
843 810 969 888 conjunx
990 829 993 833 “

189 917 269 975 Dura
275 943 283 989 3
304 938 355 996 per
368 918 479 990 eversae,
500 919 621 995 genitor,
642 917 785 975 fumantia
797 914 893 993 Trojae

190 1022 313 1079 Excidia
326 1022 460 1093 obtestor,
482 1022 566 1081 liceat
580 1022 726 1079 dimittere
738 1022 774 1078 ab
787 1018 874 1077 armis

189 1126 369 1183 Incolumem
383 1125 550 1196 Ascanium,
570 1126 656 1184 liceat
667 1124 806 1201 superesse
818 1132 962 1201 nepotem.

188 1228 299 1287 AEneas
311 1230 410 1306 procul
423 1230 530 1307 ignotis
539 1228 663 1307 jactetur
674 1229 705 1286 in
719 1228 790 1299 oris;
856 1233 859 1238 '

193 1331 237 1401 Et,
251 1350 463 1409 quamcumque
476 1334 554 1393 viam
566 1333 676 1391 dederit
690 1333 823 1400 Fortuna,
838 1332 984 1408 sequatur:

189 1435 280 1505 Hunc
292 1444 399 1511 tegere,
420 1445 449 1493 et
463 1436 534 1493 dirae
543 1436 654 1494 valeam
667 1437 822 1493 subducere
835 1455 947 1513 pugnae.

190 1536 238 1593 Est
246 1538 398 1607 AmathuS,
409 1538 449 1593 est
458 1538 531 1595 celsa
541 1538 613 1595 mihi
622 1538 743 1614 Paphus,
754 1547 840 1614 atque
848 1540 985 1615 Cythera,

191 1638 348 1714 Idaliaeque
361 1642 474 1697 domus:
495 1640 593 1717 pofitis
605 1640 745 1716 inglorius
758 1640 861 1709 annis,-

192 1740 299 1817 Exigat
312 1742 359 1799 hic
371 1760 474 1802 aevum.
513 1743 623 1819 Magni
637 1742 747 1801 ditione
754 1741 865 1819 jubeto,

190 1844 337 1921 Carthago
347 1856 457 1923 premat
468 1844 640 1903 Ausoniam:
662 1844 737 1902 nihil
750 1846 869 1902 urbibus
881 1844 950 1902 inde

188 1949 323 2008 Obstabit
335 1950 441 2028 Tyriis.
483 1950 565 2008 Ouid
576 1951 684 2028 pestem
697 1950 816 2006 evadere
828 1949 899 2006 belli

188 2053 279 2130 Juvit,
300 2053 329 2112 et
341 2054 493 2130 Argolicos
506 2053 634 2112 medium
648 2051 753 2130 fugisse
764 2071 817 2128 per
829 2051 914 2128 ignis,
1033 2082 1036 2087 ·

188 2157 303 2234 Totque
316 2157 402 2215 maris
415 2157 554 2232 vastaeque
569 2156 703 2214 exhausta
716 2155 844 2232 pericula
854 2163 948 2223 terrae,

187 2259 268 2318 Dum
290 2261 406 2320 Latium
422 2261 528 2318 Teucri
550 2260 732 2337 recidivaque
753 2260 888 2338 Pergama
908 2277 988 2335 quae·

265 2368 351 2422 runt?
567 2347 568 2352 ἵ

187 2468 257 2526 Non
272 2467 368 2535 satius,
388 2468 497 2526 cineres
510 2467 609 2544 patriae
622 2466 753 2525 insedisse
764 2467 918 2545 supremos,
974 2459 979 2468 '

187 2571 287 2646 Atque
308 2570 408 2640 solum,
437 2590 494 2648 quo
511 2570 597 2647 Troja
619 2571 693 2629 fuit?
721 2570 872 2632 Xanthum
891 2579 922 2628 et
942 2568 987 2628 Si·

266 2676 382 2732 moenta

187 2776 296 2844 Redde,
315 2795 374 2846 oro,
394 2775 519 2834 miseris:
541 2777 705 2853 iterumque
718 2777 862 2834 revolvere
874 2773 954 2831 casua

187 2879 243 2947 Da,
263 2887 354 2954 pater,
375 2879 476 2936 Iliacos
488 2881 615 2938 Teucris.
655 2883 734 2938 'Ihm
747 2879 826 2955 regia
840 2880 926 2954 Juno,

186 2981 262 3040 Atta
275 2980 370 3038 furore
382 2982 475 3056 gravi:
499 2983 581 3040 Quid
595 3003 642 3041 me
653 2984 711 3041 alta
724 2981 834 3038 silentia
847 2979 926 3052 cogis

187 3085 340 3160 Rumpere,
361 3095 391 3142 et
404 3085 561 3144 obdudtum
571 3086 664 3144 verbis
676 3085 793 3159 volgare
805 3082 951 3140 dolorem?

184 3189 302 3248 AEnean
318 3188 471 3247 hominnm
482 3189 643 3266 quisquam,
664 3187 827 3262 divomque,
847 3183 963 3263 subegit
