2509 3875
258 345 318 396 88-
518 335 795 405 AENEIDOS,
945 333 1055 405 v.6d7.

258 492 415 559 Vertentis,
432 493 589 568 latumque
600 492 688 552 choro
702 495 801 550 Paeana
814 489 951 560 canentis,

261 597 342 654 Inter
354 596 503 654 odoratum
516 595 590 653 lausi
602 613 717 666 neruus,
739 596 817 652 unde
829 594 948 671 superne

259 698 403 756 Plurimus
416 698 534 756 Eridani
546 717 598 775 per
608 699 708 756 silvam
719 697 843 756 volvitur
855 695 955 755 amnis.

299 801 360 859 Hic
372 819 483 870 manus,
499 803 541 864 ob,
549 802 673 877 patriam
685 801 840 878 pugnando
853 801 966 857 volnera
979 799 1058 875 passi,

263 904 383 980 Quique
396 904 552 968 sacerdotes
564 905 641 974 casti,
661 905 732 962 dum
744 903 802 962 vita
815 906 957 971 manebat,

262 1007 383 1083 Quique
394 1008 438 1084 pii
449 1015 537 1075 vates,
556 1018 585 1065 et
599 1009 706 1066 Phoebo
719 1007 806 1083 digna
819 1007 917 1075 locuti,

260 1111 395 1167 Inventas
408 1120 457 1168 aut
471 1110 522 1186 qui
533 1111 623 1168 vitam
639 1111 788 1168 excoluere
800 1129 852 1186 per
865 1109 942 1178 artis,

262 1211 383 1288 Quique
395 1213 438 1270 sui
452 1233 590 1271 memores
603 1214 673 1272 alios
685 1214 779 1271 secere
792 1213 940 1270 merendo:

261 1314 406 1374 Omnibus
419 1315 464 1374 his
476 1316 559 1374 niveh
571 1317 728 1392 cinguntur
740 1325 867 1392 tempora
880 1313 962 1372 virts.
981 1351 983 1358 ›

263 1418 345 1476 Quos
358 1418 544 1476 circumfusos
556 1419 594 1476 fic
606 1421 646 1476 est
659 1419 754 1477 adfata
768 1419 890 1495 Sibylla,

261 1519 406 1578 Musaeum
418 1531 485 1580 ante
496 1523 590 1580 omnis
595 1548 604 1594 ;
625 1523 754 1580 medium
765 1541 832 1580 narn
842 1521 965 1599 plurima
977 1522 1060 1578 turba

263 1625 353 1681 Hunc
376 1625 473 1695 habet,
503 1636 590 1704 atque
612 1627 740 1685 humeris
763 1626 919 1684 exstantem
945 1623 1061 1702 suspicit

236 1708 238 1711 Ι
341 1727 420 1785 altis:

262 1829 371 1899 Dicite,
391 1831 489 1890 felices
502 1832 614 1903 animae,
636 1843 734 1910 tuque,
756 1832 864 1910 optime
876 1840 963 1899 vates,

263 1934 340 1992 Quas
352 1934 433 2011 regio
444 1935 600 2005 Anchisen,
613 1937 676 2013 quis
690 1935 777 1995 habet
788 1937 881 1993 locus?
903 1933 980 1991 illius
993 1951 1062 2008 ergo

263 2036 414 2107 Venimus,
434 2048 464 2095 et
476 2057 596 2115 magnos
610 2039 694 2096 Erebi
708 2036 881 2095 tranavimus
894 2033 995 2091 amnis.

262 2140 363 2215 Atque
376 2139 444 2196 huic
457 2140 620 2216 responsum
634 2140 731 2215 paucis
744 2140 785 2195 ita
798 2137 922 2195 reddidit
934 2136 1028 2193 heros:

264 2240 349 2297 Nulli
362 2250 438 2297 certa
451 2240 566 2298 domus:
587 2216 660 2297 lucis
673 2240 834 2298 habitamus
847 2238 958 2315 opacis;

264 2341 459 2417 Riparumque
471 2351 556 2411 toros,
576 2352 605 2398 et
618 2351 707 2417 prata,
728 2341 853 2399 recentia
866 2340 945 2408 rivis,
1055 2398 1059 2407 ,

264 2444 431 2501 incolimus.
471 2444 526 2501 Sed
539 2462 596 2513 vos,
616 2444 637 2501 fi
651 2444 707 2501 sert
719 2444 759 2503 ita
774 2444 858 2501 corde
872 2444 1012 2511 voluntas,

264 2546 331 2603 Hoc
343 2544 470 2621 superate
479 2544 584 2621 jugum
589 2571 598 2617 3
620 2556 650 2603 et
663 2546 743 2603 sacili
756 2544 818 2623 jam
831 2544 946 2603 tramite
960 2544 1062 2603 fistam.

264 2647 366 2718 Dixit,
388 2656 419 2704 et
430 2656 498 2705 aute
513 2647 581 2705 tulit
594 2648 726 2723 gressum,
746 2666 916 2725 camposque
930 2648 1049 2705 nitentis

264 2749 395 2827 Desuper
414 2749 550 2821 ostentam
576 2749 681 2806 dehinc
704 2749 814 2807 summa
835 2749 983 2817 cacumina
995 2750 1062 2808 lin·

383 2861 487 2929 quunt.

303 2956 348 3013 At
359 2965 441 3033 pater
452 2954 593 3012 Anchises
604 2953 718 3030 penitus
731 2954 860 3012 convalle
873 2952 979 3013 virenti

263 3057 390 3115 Inclusas
403 3057 521 3124 animas,
541 3056 730 3131 superumque
743 3056 779 3113 ad
791 3056 890 3113 lumen
903 3056 1001 3126 ituras,

265 3160 415 3218 Lustrabat
427 3160 518 3216 studio
530 3159 665 3227 recolens,
686 3176 858 3236 omnemque
870 3160 987 3217 suorum

264 3261 349 3320 Forte
362 3261 524 3321 recensebat
536 3279 697 3334 numerum,
717 3272 852 3339 carosque
866 3270 993 3339 nepotes,
