<?xml version="1.0" encoding="UTF-8"?>
<!DOCTYPE html PUBLIC "-//W3C//DTD XHTML 1.0 Transitional//EN"
    "http://www.w3.org/TR/xhtml1/DTD/xhtml1-transitional.dtd">
<html xmlns="http://www.w3.org/1999/xhtml" xml:lang="en" lang="en">
 <head>
  <title>
</title>
<meta http-equiv="Content-Type" content="text/html;charset=utf-8" />
  <meta name='ocr-system' content='tesseract 3.04.00' />
  <meta name='ocr-capabilities' content='ocr_page ocr_carea ocr_par ocr_line ocrx_word'/>
</head>
<body>
  <div class='ocr_page' id='page_1' title='image "./pvirgiliimaroni01wakegoog/pvirgiliimaroni01wakegoog_0203.png"; bbox 0 0 2509 3875; ppageno 0'>
   <div class='ocr_carea' id='block_1_1' title="bbox 217 322 1014 399">
    <p class='ocr_par' dir='ltr' id='par_1_1' title="bbox 217 322 1014 399">
     <span class='ocr_line' id='line_1_1' title="bbox 217 322 1014 399; baseline 0 -15"><span class='ocrx_word' id='word_1_1' title='bbox 217 333 324 397; x_wconf 64' lang='lat' dir='ltr'>mer.</span> <span class='ocrx_word' id='word_1_2' title='bbox 525 326 624 385; x_wconf 76' lang='lat' dir='ltr'>ure.</span> <span class='ocrx_word' id='word_1_3' title='bbox 664 327 717 385; x_wconf 75' lang='lat' dir='ltr'>ue</span> <span class='ocrx_word' id='word_1_4' title='bbox 961 322 1014 399; x_wconf 74' lang='lat'>191</span> 
     </span>
    </p>
   </div>
   <div class='ocr_carea' id='block_1_2' title="bbox 159 477 1016 1279">
    <p class='ocr_par' dir='ltr' id='par_1_2' title="bbox 218 477 1016 659">
     <span class='ocr_line' id='line_1_2' title="bbox 218 477 1016 559; baseline 0.003 -22"><span class='ocrx_word' id='word_1_5' title='bbox 218 481 257 538; x_wconf 90' lang='lat' dir='ltr'>Et</span> <span class='ocrx_word' id='word_1_6' title='bbox 268 480 449 539; x_wconf 83' lang='lat' dir='ltr'>Mnestheus:</span> <span class='ocrx_word' id='word_1_7' title='bbox 473 482 543 540; x_wconf 81' lang='lat' dir='ltr'>Quo</span> <span class='ocrx_word' id='word_1_8' title='bbox 556 482 660 540; x_wconf 76' lang='lat' dir='ltr'>deinde</span> <span class='ocrx_word' id='word_1_9' title='bbox 673 483 785 559; x_wconf 80' lang='lat' dir='ltr'>sugam,</span> <span class='ocrx_word' id='word_1_10' title='bbox 797 500 865 557; x_wconf 88' lang='lat' dir='ltr'>quo,</span> <span class='ocrx_word' id='word_1_11' title='bbox 879 477 1016 539; x_wconf 69' lang='lat' dir='ltr'>tenditis?</span> 
     </span>
     <span class='ocr_line' id='line_1_3' title="bbox 297 583 403 659; baseline 0.019 -20"><span class='ocrx_word' id='word_1_12' title='bbox 297 583 403 659; x_wconf 81' lang='lat' dir='ltr'>inquit.</span> 
     </span>
    </p>

    <p class='ocr_par' dir='ltr' id='par_1_3' title="bbox 218 678 1015 1074">
     <span class='ocr_line' id='line_1_4' title="bbox 220 678 1015 765; baseline 0.001 -22"><span class='ocrx_word' id='word_1_13' title='bbox 220 686 303 743; x_wconf 76' lang='lat' dir='ltr'>Quos</span> <span class='ocrx_word' id='word_1_14' title='bbox 316 686 385 744; x_wconf 81' lang='lat' dir='ltr'>alios</span> <span class='ocrx_word' id='word_1_15' title='bbox 399 704 502 755; x_wconf 87' lang='lat' dir='ltr'>muros,</span> <span class='ocrx_word' id='word_1_16' title='bbox 524 686 660 765; x_wconf 78' lang='lat' dir='ltr'>quaejam</span> <span class='ocrx_word' id='word_1_17' title='bbox 671 688 747 749; x_wconf 82' lang='lat' dir='ltr'>ultra</span> <span class='ocrx_word' id='word_1_18' title='bbox 759 686 874 757; x_wconf 87' lang='lat' dir='ltr'>moenia,</span> <span class='ocrx_word' id='word_1_19' title='bbox 887 678 1015 745; x_wconf 81' lang='lat' dir='ltr'>habetis?</span> 
     </span>
     <span class='ocr_line' id='line_1_5' title="bbox 218 784 984 867; baseline -0.001 -19"><span class='ocrx_word' id='word_1_20' title='bbox 218 788 304 851; x_wconf 90' lang='lat' dir='ltr'>Unus</span> <span class='ocrx_word' id='word_1_21' title='bbox 316 790 412 859; x_wconf 91' lang='lat' dir='ltr'>homo,</span> <span class='ocrx_word' id='word_1_22' title='bbox 431 798 462 847; x_wconf 87' lang='lat' dir='ltr'>et</span> <span class='ocrx_word' id='word_1_23' title='bbox 473 790 577 858; x_wconf 77' lang='lat' dir='ltr'>vestris,</span> <span class='ocrx_word' id='word_1_24' title='bbox 597 810 615 847; x_wconf 93' lang='grc' dir='ltr'><strong>ο</strong></span> <span class='ocrx_word' id='word_1_25' title='bbox 628 790 718 849; x_wconf 77' lang='lat' dir='ltr'>cives!</span> <span class='ocrx_word' id='word_1_26' title='bbox 739 790 869 867; x_wconf 81' lang='lat' dir='ltr'>undique</span> <span class='ocrx_word' id='word_1_27' title='bbox 880 784 984 865; x_wconf 72' lang='lat' dir='ltr'>septus</span> 
     </span>
     <span class='ocr_line' id='line_1_6' title="bbox 218 883 922 975; baseline 0 -26"><span class='ocrx_word' id='word_1_28' title='bbox 218 891 392 967; x_wconf 83' lang='lat' dir='ltr'>Aggeribus,</span> <span class='ocrx_word' id='word_1_29' title='bbox 413 898 505 951; x_wconf 83' lang='lat' dir='ltr'>tantas</span> <span class='ocrx_word' id='word_1_30' title='bbox 520 894 621 970; x_wconf 82' lang='lat' dir='ltr'>strages</span> <span class='ocrx_word' id='word_1_31' title='bbox 633 894 743 975; x_wconf 87' lang='lat' dir='ltr'>inpune</span> <span class='ocrx_word' id='word_1_32' title='bbox 756 912 808 969; x_wconf 90' lang='lat' dir='ltr'>per</span> <span class='ocrx_word' id='word_1_33' title='bbox 819 883 922 951; x_wconf 83' lang='lat' dir='ltr'>urbem</span> 
     </span>
     <span class='ocr_line' id='line_1_7' title="bbox 219 992 929 1074; baseline 0.003 -23"><span class='ocrx_word' id='word_1_34' title='bbox 219 994 366 1052; x_wconf 85' lang='lat' dir='ltr'>Ediderit?</span> <span class='ocrx_word' id='word_1_35' title='bbox 384 994 524 1071; x_wconf 89' lang='lat' dir='ltr'>juvenum</span> <span class='ocrx_word' id='word_1_36' title='bbox 537 996 644 1074; x_wconf 86' lang='lat' dir='ltr'>primos</span> <span class='ocrx_word' id='word_1_37' title='bbox 658 1006 701 1054; x_wconf 88' lang='lat' dir='ltr'>tot</span> <span class='ocrx_word' id='word_1_38' title='bbox 715 992 823 1053; x_wconf 79' lang='lat' dir='ltr'><strong>miserit</strong></span> <span class='ocrx_word' id='word_1_39' title='bbox 836 994 929 1054; x_wconf 82' lang='lat' dir='ltr'>Orco?</span> 
     </span>
    </p>

    <p class='ocr_par' dir='ltr' id='par_1_4' title="bbox 159 1096 927 1175">
     <span class='ocr_line' id='line_1_8' title="bbox 159 1096 927 1175; baseline 0.003 -22"><span class='ocrx_word' id='word_1_40' title='bbox 159 1126 161 1132; x_wconf 95' lang='lat'><em>·</em></span> <span class='ocrx_word' id='word_1_41' title='bbox 218 1096 289 1154; x_wconf 88' lang='lat' dir='ltr'>Non</span> <span class='ocrx_word' id='word_1_42' title='bbox 301 1097 425 1155; x_wconf 82' lang='lat' dir='ltr'>infelicis</span> <span class='ocrx_word' id='word_1_43' title='bbox 437 1099 547 1174; x_wconf 80' lang='lat' dir='ltr'>patriae,</span> <span class='ocrx_word' id='word_1_44' title='bbox 565 1109 754 1175; x_wconf 86' lang='lat' dir='ltr'><strong>veterumque</strong></span> <span class='ocrx_word' id='word_1_45' title='bbox 765 1108 927 1175; x_wconf 84' lang='lat' dir='ltr'>parentum,</span> 
     </span>
    </p>

    <p class='ocr_par' dir='ltr' id='par_1_5' title="bbox 217 1198 1012 1279">
     <span class='ocr_line' id='line_1_9' title="bbox 217 1198 1012 1279; baseline -0.003 -22"><span class='ocrx_word' id='word_1_46' title='bbox 217 1200 257 1257; x_wconf 85' lang='lat' dir='ltr'>Et</span> <span class='ocrx_word' id='word_1_47' title='bbox 274 1201 371 1275; x_wconf 84' lang='lat' dir='ltr'>magni</span> <span class='ocrx_word' id='word_1_48' title='bbox 387 1201 501 1267; x_wconf 81' lang='lat' dir='ltr'>AEneae,</span> <span class='ocrx_word' id='word_1_49' title='bbox 520 1202 628 1279; x_wconf 81' lang='lat' dir='ltr'>segnes,</span> <span class='ocrx_word' id='word_1_50' title='bbox 648 1201 830 1276; x_wconf 71' lang='lat' dir='ltr'>miseretque,</span> <span class='ocrx_word' id='word_1_51' title='bbox 850 1198 1012 1276; x_wconf 63' lang='lat' dir='ltr'>pudetque?</span> 
     </span>
    </p>
   </div>
   <div class='ocr_carea' id='block_1_3' title="bbox 216 1300 1013 1894">
    <p class='ocr_par' dir='ltr' id='par_1_6' title="bbox 216 1300 1013 1894">
     <span class='ocr_line' id='line_1_10' title="bbox 256 1300 975 1384; baseline -0.004 -23"><span class='ocrx_word' id='word_1_52' title='bbox 256 1303 376 1361; x_wconf 85' lang='lat' dir='ltr'>Talibus</span> <span class='ocrx_word' id='word_1_53' title='bbox 389 1304 509 1373; x_wconf 74' lang='lat' dir='ltr'>ademti,</span> <span class='ocrx_word' id='word_1_54' title='bbox 530 1304 682 1363; x_wconf 85' lang='lat' dir='ltr'>firmantur</span> <span class='ocrx_word' id='word_1_55' title='bbox 686 1328 697 1376; x_wconf 72' lang='lat'><em>9</em></span> <span class='ocrx_word' id='word_1_56' title='bbox 717 1313 747 1361; x_wconf 81' lang='lat' dir='ltr'>et</span> <span class='ocrx_word' id='word_1_57' title='bbox 759 1300 875 1384; x_wconf 78' lang='lat' dir='ltr'>agmine</span> <span class='ocrx_word' id='word_1_58' title='bbox 888 1300 975 1361; x_wconf 76' lang='lat' dir='ltr'>denso</span> 
     </span>
     <span class='ocr_line' id='line_1_11' title="bbox 217 1405 974 1483; baseline 0.001 -21"><span class='ocrx_word' id='word_1_59' title='bbox 217 1405 389 1464; x_wconf 86' lang='lat' dir='ltr'>Confistuut.</span> <span class='ocrx_word' id='word_1_60' title='bbox 428 1408 543 1465; x_wconf 82' lang='lat' dir='ltr'>Turum</span> <span class='ocrx_word' id='word_1_61' title='bbox 554 1407 705 1483; x_wconf 77' lang='lat' dir='ltr'>paullatim</span> <span class='ocrx_word' id='word_1_62' title='bbox 717 1405 854 1464; x_wconf 73' lang='lat' dir='ltr'>exoedere</span> <span class='ocrx_word' id='word_1_63' title='bbox 866 1406 974 1482; x_wconf 70' lang='lat' dir='ltr'>pugna,</span> 
     </span>
     <span class='ocr_line' id='line_1_12' title="bbox 216 1506 1013 1586; baseline 0 -21"><span class='ocrx_word' id='word_1_64' title='bbox 216 1506 255 1565; x_wconf 91' lang='lat' dir='ltr'>Et</span> <span class='ocrx_word' id='word_1_65' title='bbox 267 1508 389 1577; x_wconf 81' lang='lat' dir='ltr'>fiuvium</span> <span class='ocrx_word' id='word_1_66' title='bbox 401 1520 506 1585; x_wconf 86' lang='lat' dir='ltr'>petere,</span> <span class='ocrx_word' id='word_1_67' title='bbox 520 1528 553 1567; x_wconf 82' lang='lat' dir='ltr'>ac</span> <span class='ocrx_word' id='word_1_68' title='bbox 565 1520 687 1586; x_wconf 80' lang='lat' dir='ltr'>partem,</span> <span class='ocrx_word' id='word_1_69' title='bbox 707 1524 772 1585; x_wconf 78' lang='lat' dir='ltr'>quae</span> <span class='ocrx_word' id='word_1_70' title='bbox 783 1510 911 1586; x_wconf 83' lang='lat' dir='ltr'>cingitur</span> <span class='ocrx_word' id='word_1_71' title='bbox 922 1508 1013 1567; x_wconf 85' lang='lat' dir='ltr'>amni.-</span> 
     </span>
     <span class='ocr_line' id='line_1_13' title="bbox 217 1608 1005 1688; baseline -0.003 -19"><span class='ocrx_word' id='word_1_72' title='bbox 217 1610 323 1669; x_wconf 90' lang='lat' dir='ltr'>Acrius</span> <span class='ocrx_word' id='word_1_73' title='bbox 335 1611 390 1669; x_wconf 89' lang='lat' dir='ltr'>hoc</span> <span class='ocrx_word' id='word_1_74' title='bbox 403 1612 508 1669; x_wconf 89' lang='lat' dir='ltr'>Teucri</span> <span class='ocrx_word' id='word_1_75' title='bbox 522 1612 647 1669; x_wconf 73' lang='lat' dir='ltr'>clamore</span> <span class='ocrx_word' id='word_1_76' title='bbox 658 1608 823 1671; x_wconf 82' lang='lat' dir='ltr'>incumbere</span> <span class='ocrx_word' id='word_1_77' title='bbox 835 1624 949 1688; x_wconf 72' lang='lat' dir='ltr'>pugno,</span> <span class='ocrx_word' id='word_1_78' title='bbox 975 1659 977 1662; x_wconf 96' lang='lat'>.</span> <span class='ocrx_word' id='word_1_79' title='bbox 1002 1629 1005 1633; x_wconf 55' lang='lat'><em>⁴</em></span> 
     </span>
     <span class='ocr_line' id='line_1_14' title="bbox 216 1712 991 1791; baseline 0.001 -20"><span class='ocrx_word' id='word_1_80' title='bbox 216 1714 254 1771; x_wconf 91' lang='lat' dir='ltr'>Et</span> <span class='ocrx_word' id='word_1_81' title='bbox 268 1714 425 1791; x_wconf 73' lang='lat' dir='ltr'>glomerare</span> <span class='ocrx_word' id='word_1_82' title='bbox 437 1734 573 1772; x_wconf 86' lang='lat' dir='ltr'>manum:</span> <span class='ocrx_word' id='word_1_83' title='bbox 594 1724 649 1771; x_wconf 76' lang='lat' dir='ltr'>eeu</span> <span class='ocrx_word' id='word_1_84' title='bbox 661 1714 766 1772; x_wconf 77' lang='lat' dir='ltr'>saevum</span> <span class='ocrx_word' id='word_1_85' title='bbox 780 1712 863 1771; x_wconf 76' lang='lat' dir='ltr'>turba</span> <span class='ocrx_word' id='word_1_86' title='bbox 879 1713 991 1772; x_wconf 85' lang='lat' dir='ltr'>leonem</span> 
     </span>
     <span class='ocr_line' id='line_1_15' title="bbox 217 1808 881 1894; baseline -0.005 -19"><span class='ocrx_word' id='word_1_87' title='bbox 217 1818 294 1875; x_wconf 89' lang='lat' dir='ltr'>Cum</span> <span class='ocrx_word' id='word_1_88' title='bbox 307 1818 371 1875; x_wconf 88' lang='lat' dir='ltr'>telis</span> <span class='ocrx_word' id='word_1_89' title='bbox 383 1817 488 1894; x_wconf 88' lang='lat' dir='ltr'>premit</span> <span class='ocrx_word' id='word_1_90' title='bbox 499 1808 631 1887; x_wconf 67' lang='lat' dir='ltr'>inferiis,</span> <span class='ocrx_word' id='word_1_91' title='bbox 653 1825 683 1874; x_wconf 90' lang='lat' dir='ltr'>at</span> <span class='ocrx_word' id='word_1_92' title='bbox 696 1815 812 1873; x_wconf 67' lang='lat' dir='ltr'>territuu</span> <span class='ocrx_word' id='word_1_93' title='bbox 822 1811 881 1885; x_wconf 87' lang='lat' dir='ltr'>ille,</span> 
     </span>
    </p>
   </div>
   <div class='ocr_carea' id='block_1_4' title="bbox 214 1919 1010 3335">
    <p class='ocr_par' dir='ltr' id='par_1_7' title="bbox 218 1919 973 2002">
     <span class='ocr_line' id='line_1_16' title="bbox 218 1919 973 2002; baseline 0 -24"><span class='ocrx_word' id='word_1_94' title='bbox 218 1921 310 1998; x_wconf 86' lang='lat' dir='ltr'>Asper</span> <span class='ocrx_word' id='word_1_95' title='bbox 322 1922 421 1978; x_wconf 85' lang='lat' dir='ltr'>acerba</span> <span class='ocrx_word' id='word_1_96' title='bbox 435 1929 526 1990; x_wconf 76' lang='lat' dir='ltr'>tuens,</span> <span class='ocrx_word' id='word_1_97' title='bbox 546 1928 622 1978; x_wconf 84' lang='lat' dir='ltr'>retro</span> <span class='ocrx_word' id='word_1_98' title='bbox 635 1919 723 1978; x_wconf 88' lang='lat' dir='ltr'>redit:</span> <span class='ocrx_word' id='word_1_99' title='bbox 746 1927 777 1977; x_wconf 82' lang='lat' dir='ltr'>et</span> <span class='ocrx_word' id='word_1_100' title='bbox 788 1930 880 2002; x_wconf 83' lang='lat' dir='ltr'>neque</span> <span class='ocrx_word' id='word_1_101' title='bbox 894 1929 973 1996; x_wconf 83' lang='lat' dir='ltr'>terga</span> 
     </span>
    </p>

    <p class='ocr_par' dir='ltr' id='par_1_8' title="bbox 216 2023 1010 2100">
     <span class='ocr_line' id='line_1_17' title="bbox 216 2023 1010 2100; baseline -0.003 -19"><span class='ocrx_word' id='word_1_102' title='bbox 216 2025 262 2081; x_wconf 91' lang='lat' dir='ltr'>Ira</span> <span class='ocrx_word' id='word_1_103' title='bbox 276 2025 351 2093; x_wconf 85' lang='lat' dir='ltr'>dare,</span> <span class='ocrx_word' id='word_1_104' title='bbox 372 2031 423 2081; x_wconf 77' lang='lat' dir='ltr'>aut</span> <span class='ocrx_word' id='word_1_105' title='bbox 435 2023 534 2094; x_wconf 68' lang='lat' dir='ltr'>virtue,</span> <span class='ocrx_word' id='word_1_106' title='bbox 554 2024 676 2100; x_wconf 72' lang='lat' dir='ltr'>patitur,</span> <span class='ocrx_word' id='word_1_107' title='bbox 698 2039 754 2080; x_wconf 76' lang='lat' dir='ltr'>nec</span> <span class='ocrx_word' id='word_1_108' title='bbox 769 2023 884 2081; x_wconf 80' lang='lat' dir='ltr'>tendere</span> <span class='ocrx_word' id='word_1_109' title='bbox 902 2032 1010 2093; x_wconf 84' lang='lat' dir='ltr'>contra,</span> 
     </span>
    </p>

    <p class='ocr_par' dir='ltr' id='par_1_9' title="bbox 216 2124 1010 2307">
     <span class='ocr_line' id='line_1_18' title="bbox 216 2124 1010 2203; baseline -0.001 -19"><span class='ocrx_word' id='word_1_110' title='bbox 216 2127 270 2184; x_wconf 91' lang='lat' dir='ltr'>Ille</span> <span class='ocrx_word' id='word_1_111' title='bbox 283 2125 399 2203; x_wconf 82' lang='lat' dir='ltr'>quidem</span> <span class='ocrx_word' id='word_1_112' title='bbox 417 2126 472 2183; x_wconf 92' lang='lat' dir='ltr'>hoc</span> <span class='ocrx_word' id='word_1_113' title='bbox 490 2127 615 2203; x_wconf 74' lang='lat' dir='ltr'>cupiens,</span> <span class='ocrx_word' id='word_1_114' title='bbox 634 2125 711 2203; x_wconf 78' lang='lat' dir='ltr'>potis</span> <span class='ocrx_word' id='word_1_115' title='bbox 722 2125 762 2184; x_wconf 73' lang='lat' dir='ltr'>est</span> <span class='ocrx_word' id='word_1_116' title='bbox 776 2144 828 2202; x_wconf 90' lang='lat' dir='ltr'>per</span> <span class='ocrx_word' id='word_1_117' title='bbox 840 2125 906 2193; x_wconf 82' lang='lat' dir='ltr'>tela,</span> <span class='ocrx_word' id='word_1_118' title='bbox 922 2124 1010 2184; x_wconf 81' lang='lat' dir='ltr'>viros-</span> 
     </span>
     <span class='ocr_line' id='line_1_19' title="bbox 293 2224 993 2307; baseline -0.003 -19"><span class='ocrx_word' id='word_1_119' title='bbox 293 2250 366 2307; x_wconf 87' lang='lat' dir='ltr'>que:</span> <span class='ocrx_word' id='word_1_120' title='bbox 791 2224 793 2229; x_wconf 65' lang='grc'><strong>’</strong></span> <span class='ocrx_word' id='word_1_121' title='bbox 989 2229 993 2234; x_wconf 72' lang='grc'><em>’</em></span> 
     </span>
    </p>

    <p class='ocr_par' dir='ltr' id='par_1_10' title="bbox 215 2327 862 2410">
     <span class='ocr_line' id='line_1_20' title="bbox 215 2327 862 2410; baseline -0.003 -18"><span class='ocrx_word' id='word_1_122' title='bbox 215 2335 302 2392; x_wconf 82' lang='lat' dir='ltr'>Haud</span> <span class='ocrx_word' id='word_1_123' title='bbox 315 2333 399 2390; x_wconf 88' lang='lat' dir='ltr'>aliter</span> <span class='ocrx_word' id='word_1_124' title='bbox 410 2339 486 2390; x_wconf 72' lang='lat' dir='ltr'>retro</span> <span class='ocrx_word' id='word_1_125' title='bbox 498 2332 602 2390; x_wconf 87' lang='lat' dir='ltr'>dubius</span> <span class='ocrx_word' id='word_1_126' title='bbox 615 2327 733 2410; x_wconf 66' lang='lat' dir='ltr'>vestigia</span> <span class='ocrx_word' id='word_1_127' title='bbox 746 2334 862 2392; x_wconf 84' lang='lat' dir='ltr'>Turnus</span> 
     </span>
    </p>

    <p class='ocr_par' dir='ltr' id='par_1_11' title="bbox 214 2423 860 2514">
     <span class='ocr_line' id='line_1_21' title="bbox 214 2423 860 2514; baseline 0.002 -21"><span class='ocrx_word' id='word_1_128' title='bbox 214 2436 397 2514; x_wconf 81' lang='lat' dir='ltr'>inproperata</span> <span class='ocrx_word' id='word_1_129' title='bbox 411 2437 506 2504; x_wconf 85' lang='lat' dir='ltr'>refert,</span> <span class='ocrx_word' id='word_1_130' title='bbox 526 2423 554 2494; x_wconf 76' lang='lat' dir='ltr'>et</span> <span class='ocrx_word' id='word_1_131' title='bbox 568 2451 650 2494; x_wconf 82' lang='lat' dir='ltr'>mem</span> <span class='ocrx_word' id='word_1_132' title='bbox 662 2437 796 2494; x_wconf 74' lang='lat' dir='ltr'>exaestuat</span> <span class='ocrx_word' id='word_1_133' title='bbox 808 2435 860 2494; x_wconf 70' lang='lat' dir='ltr'>ira.</span> 
     </span>
    </p>

    <p class='ocr_par' dir='ltr' id='par_1_12' title="bbox 217 2537 923 2610">
     <span class='ocr_line' id='line_1_22' title="bbox 217 2537 923 2610; baseline 0 -14"><span class='ocrx_word' id='word_1_134' title='bbox 217 2539 299 2596; x_wconf 76' lang='lat' dir='ltr'>Quin</span> <span class='ocrx_word' id='word_1_135' title='bbox 312 2539 401 2596; x_wconf 89' lang='lat' dir='ltr'>etiam</span> <span class='ocrx_word' id='word_1_136' title='bbox 414 2537 457 2596; x_wconf 87' lang='lat' dir='ltr'>bis</span> <span class='ocrx_word' id='word_1_137' title='bbox 471 2548 532 2596; x_wconf 80' lang='lat' dir='ltr'>tum</span> <span class='ocrx_word' id='word_1_138' title='bbox 546 2537 654 2596; x_wconf 76' lang='lat' dir='ltr'>medios</span> <span class='ocrx_word' id='word_1_139' title='bbox 666 2539 806 2597; x_wconf 83' lang='lat' dir='ltr'>invaserat</span> <span class='ocrx_word' id='word_1_140' title='bbox 818 2538 923 2610; x_wconf 77' lang='lat' dir='ltr'>hostes3</span> 
     </span>
    </p>

    <p class='ocr_par' dir='ltr' id='par_1_13' title="bbox 215 2639 881 2718">
     <span class='ocr_line' id='line_1_23' title="bbox 215 2639 881 2718; baseline 0.006 -22"><span class='ocrx_word' id='word_1_141' title='bbox 215 2639 264 2696; x_wconf 89' lang='lat' dir='ltr'>Bis</span> <span class='ocrx_word' id='word_1_142' title='bbox 276 2641 392 2698; x_wconf 88' lang='lat' dir='ltr'>confusa</span> <span class='ocrx_word' id='word_1_143' title='bbox 405 2641 476 2718; x_wconf 71' lang='lat' dir='ltr'>suga</span> <span class='ocrx_word' id='word_1_144' title='bbox 488 2653 645 2716; x_wconf 76' lang='lat' dir='ltr'>permutes</span> <span class='ocrx_word' id='word_1_145' title='bbox 658 2642 774 2718; x_wconf 83' lang='lat' dir='ltr'>agmina</span> <span class='ocrx_word' id='word_1_146' title='bbox 786 2642 881 2700; x_wconf 84' lang='lat' dir='ltr'>vertit.</span> 
     </span>
    </p>

    <p class='ocr_par' dir='ltr' id='par_1_14' title="bbox 217 2741 983 2820">
     <span class='ocr_line' id='line_1_24' title="bbox 217 2741 983 2820; baseline 0.001 -22"><span class='ocrx_word' id='word_1_147' title='bbox 217 2741 270 2798; x_wconf 89' lang='lat' dir='ltr'>Sed</span> <span class='ocrx_word' id='word_1_148' title='bbox 284 2760 383 2800; x_wconf 88' lang='lat' dir='ltr'>manus</span> <span class='ocrx_word' id='word_1_149' title='bbox 397 2762 413 2800; x_wconf 87' lang='lat' dir='ltr'>e</span> <span class='ocrx_word' id='word_1_150' title='bbox 426 2743 519 2800; x_wconf 86' lang='lat' dir='ltr'>castris</span> <span class='ocrx_word' id='word_1_151' title='bbox 531 2759 650 2820; x_wconf 85' lang='lat' dir='ltr'>propere</span> <span class='ocrx_word' id='word_1_152' title='bbox 663 2744 721 2800; x_wconf 89' lang='lat' dir='ltr'>coit</span> <span class='ocrx_word' id='word_1_153' title='bbox 734 2745 826 2802; x_wconf 82' lang='lat' dir='ltr'>omnis</span> <span class='ocrx_word' id='word_1_154' title='bbox 839 2743 870 2800; x_wconf 89' lang='lat' dir='ltr'>in</span> <span class='ocrx_word' id='word_1_155' title='bbox 883 2761 983 2800; x_wconf 88' lang='lat' dir='ltr'>unum.</span> 
     </span>
    </p>

    <p class='ocr_par' dir='ltr' id='par_1_15' title="bbox 215 2843 811 2923">
     <span class='ocr_line' id='line_1_25' title="bbox 215 2843 811 2923; baseline 0 -21"><span class='ocrx_word' id='word_1_156' title='bbox 215 2844 280 2902; x_wconf 88' lang='lat' dir='ltr'>Nec</span> <span class='ocrx_word' id='word_1_157' title='bbox 293 2854 390 2903; x_wconf 81' lang='lat' dir='ltr'>contra</span> <span class='ocrx_word' id='word_1_158' title='bbox 404 2846 476 2903; x_wconf 88' lang='lat' dir='ltr'>vires</span> <span class='ocrx_word' id='word_1_159' title='bbox 489 2843 576 2904; x_wconf 84' lang='lat' dir='ltr'>audet</span> <span class='ocrx_word' id='word_1_160' title='bbox 590 2846 720 2904; x_wconf 85' lang='lat' dir='ltr'>Saturnia</span> <span class='ocrx_word' id='word_1_161' title='bbox 732 2847 811 2923; x_wconf 90' lang='lat' dir='ltr'>Juno</span> 
     </span>
    </p>

    <p class='ocr_par' dir='ltr' id='par_1_16' title="bbox 217 2946 887 3025">
     <span class='ocr_line' id='line_1_26' title="bbox 217 2946 887 3025; baseline -0.001 -21"><span class='ocrx_word' id='word_1_162' title='bbox 217 2947 367 3018; x_wconf 85' lang='lat' dir='ltr'>Sufficere;</span> <span class='ocrx_word' id='word_1_163' title='bbox 389 2949 494 3006; x_wconf 68' lang='lat' dir='ltr'>aeriam</span> <span class='ocrx_word' id='word_1_164' title='bbox 506 2949 578 3006; x_wconf 89' lang='lat' dir='ltr'>coelo</span> <span class='ocrx_word' id='word_1_165' title='bbox 591 2969 658 3006; x_wconf 89' lang='lat' dir='ltr'>nam</span> <span class='ocrx_word' id='word_1_166' title='bbox 670 2948 804 3025; x_wconf 88' lang='lat' dir='ltr'>Juppiter</span> <span class='ocrx_word' id='word_1_167' title='bbox 817 2946 887 3003; x_wconf 88' lang='lat' dir='ltr'>Irim</span> 
     </span>
    </p>

    <p class='ocr_par' dir='ltr' id='par_1_17' title="bbox 214 3049 960 3127">
     <span class='ocr_line' id='line_1_27' title="bbox 214 3049 960 3127; baseline -0.004 -19"><span class='ocrx_word' id='word_1_168' title='bbox 214 3049 347 3118; x_wconf 85' lang='lat' dir='ltr'>Demisrt,</span> <span class='ocrx_word' id='word_1_169' title='bbox 367 3069 509 3127; x_wconf 81' lang='lat' dir='ltr'>germanae</span> <span class='ocrx_word' id='word_1_170' title='bbox 522 3053 599 3110; x_wconf 88' lang='lat' dir='ltr'>haud</span> <span class='ocrx_word' id='word_1_171' title='bbox 612 3050 710 3108; x_wconf 85' lang='lat' dir='ltr'>mollia</span> <span class='ocrx_word' id='word_1_172' title='bbox 719 3049 792 3127; x_wconf 70' lang='lat' dir='ltr'>jussa</span> <span class='ocrx_word' id='word_1_173' title='bbox 805 3050 960 3122; x_wconf 78' lang='lat' dir='ltr'>ferentem3</span> 
     </span>
    </p>

    <p class='ocr_par' dir='ltr' id='par_1_18' title="bbox 214 3152 907 3214">
     <span class='ocr_line' id='line_1_28' title="bbox 214 3152 907 3214; baseline -0.007 0"><span class='ocrx_word' id='word_1_174' title='bbox 214 3153 258 3214; x_wconf 89' lang='lat' dir='ltr'>Ni</span> <span class='ocrx_word' id='word_1_175' title='bbox 270 3155 385 3211; x_wconf 87' lang='lat' dir='ltr'>Turnus</span> <span class='ocrx_word' id='word_1_176' title='bbox 398 3156 480 3212; x_wconf 85' lang='lat' dir='ltr'>cedat</span> <span class='ocrx_word' id='word_1_177' title='bbox 490 3156 668 3212; x_wconf 88' lang='lat' dir='ltr'>Teucrorum</span> <span class='ocrx_word' id='word_1_178' title='bbox 681 3153 822 3210; x_wconf 83' lang='lat' dir='ltr'>moenibus</span> <span class='ocrx_word' id='word_1_179' title='bbox 834 3152 907 3210; x_wconf 82' lang='lat' dir='ltr'>altis.</span> 
     </span>
    </p>

    <p class='ocr_par' dir='ltr' id='par_1_19' title="bbox 214 3253 874 3335">
     <span class='ocr_line' id='line_1_29' title="bbox 214 3253 874 3335; baseline 0 -21"><span class='ocrx_word' id='word_1_180' title='bbox 214 3253 291 3335; x_wconf 83' lang='lat' dir='ltr'>Ergo</span> <span class='ocrx_word' id='word_1_181' title='bbox 304 3275 357 3315; x_wconf 87' lang='lat' dir='ltr'>nec</span> <span class='ocrx_word' id='word_1_182' title='bbox 369 3256 462 3334; x_wconf 86' lang='lat' dir='ltr'>clipeo</span> <span class='ocrx_word' id='word_1_183' title='bbox 470 3255 584 3333; x_wconf 80' lang='lat' dir='ltr'>juvenis</span> <span class='ocrx_word' id='word_1_184' title='bbox 596 3255 740 3314; x_wconf 82' lang='lat' dir='ltr'>subfistere</span> <span class='ocrx_word' id='word_1_185' title='bbox 752 3265 874 3324; x_wconf 83' lang='lat' dir='ltr'>tantum,</span> 
     </span>
    </p>
   </div>
   <div class='ocr_carea' id='block_1_5' title="bbox 0 0 1260 3875">
    <p class='ocr_par' dir='ltr' id='par_1_20' title="bbox 0 0 1260 3875">
     <span class='ocr_line' id='line_1_30' title="bbox 0 0 1260 3875; baseline 0 1"><span class='ocrx_word' id='word_1_186' title='bbox 0 0 1260 3875; x_wconf 95' lang='lat' dir='ltr'> </span> 
     </span>
    </p>
   </div>
  </div>
 </body>
</html>
