2509 3875
68 148 71 237 ἶ
166 148 168 150 ,
927 148 1190 220 ww...]

68 278 70 361 l
188 288 322 387 'matu
475 318 608 377 ΜΒ.
648 320 702 378 lx
947 325 1012 391 r175

217 470 358 546 Euryalus
369 470 498 548 phaleras
510 473 688 545 Rhamnetis,
707 482 747 546 et,
767 492 851 533 aurea
863 460 960 542 bullis,

218 572 353 648 Cingula,
373 574 488 633 Tiburti
503 576 623 635 Remulo
637 577 788 635 ditiffimus
798 576 869 635 olim
999 639 1002 644 Δ

219 674 296 731 Quae
308 675 400 735 mittit
413 679 496 745 dona,
516 678 639 755 bospitio
651 698 742 753 quum
755 678 890 755 jungeret
900 677 1010 750 absens,

218 776 362 850 Caedicus,
383 778 433 835 ille
445 778 495 835 suo
507 780 631 837 moriens
644 780 693 837 dat
705 780 810 837 habere
822 780 934 855 nepoti,
997 842 1004 848 ,

216 878 280 936 Post
291 889 423 951 mortem,
443 882 517 941 bello
531 882 643 952 Rutuli,
662 883 825 959 pugnaque,
844 884 929 960 potiti
935 908 943 953 ;

216 980 290 1037 Haec
310 983 394 1059 rapit,
422 993 507 1060 atque
528 984 654 1043 humeris
674 985 869 1062 nequidquam
888 986 1011 1047 sortibus

293 1094 380 1161 aptat.

210 1186 293 1243 -Tum
307 1186 418 1261 galeam
428 1188 550 1265 Mellapi
563 1189 699 1260 habilem,
712 1188 857 1265 cristisque
869 1190 1009 1262 decoram,

215 1290 326 1349 Induit.
364 1292 517 1349 Excedunt
529 1293 633 1363 castris,
652 1303 683 1350 et
696 1302 757 1350 tuta
770 1293 922 1369 capellunt.
981 1286 984 1290 ’

255 1394 377 1463 Interea,
396 1395 526 1471 praemiffi
541 1396 652 1471 equites
664 1415 700 1453 ex
712 1398 783 1453 urbe
796 1396 909 1465 Latina,

171 1486 173 1489 ’
216 1494 318 1551 Cetera
331 1496 399 1552 dum
413 1497 489 1573 legio
502 1496 609 1573 campis
621 1496 753 1555 instrudta
765 1507 900 1566 moratur,

215 1598 309 1667 Ibant,
329 1608 359 1656 et
371 1600 471 1657 Turno
484 1599 558 1676 regis
570 1599 700 1675 responsa
712 1600 854 1670 ferebant,
960 1608 963 1613 ’

157 1766 160 1771 ,
212 1698 400 1771 Tercentum,
420 1702 642 1770 scutati-omnes,
655 1700 807 1761 Volscente
819 1700 962 1777 magistro.
993 1766 997 1769 ,

213 1802 337 1879 Jamque
349 1803 579 1880 propinquabant
589 1802 692 1873 caiin's,
704 1821 857 1877 murosque
866 1803 1008 1874 subibant,

211 1904 290 1962 Cum
303 1906 400 1982 procul
413 1904 472 1975 hos,
493 1905 565 1963 laevo
577 1903 717 1963 dedentis
729 1903 832 1973 limite,
852 1915 994 1977 cementa

214 2007 253 2064 Et
266 2007 346 2082 galea
359 2007 516 2084 Euryalum
530 2005 660 2063 sublustri
673 1994 764 2063 noetis
775 2006 806 2062 in
820 2007 922 2064 umbri

214 2107 341 2166 Prodidit
354 2108 550 2176 inmemorem,
569 2108 711 2183 radiisque
723 2108 836 2166 adversa
850 2109 967 2166 resulfit.
1084 2138 1086 2141 ·

212 2211 301 2270 Haud
324 2222 429 2268 temere
451 2212 491 2268 est
511 2211 595 2270 visus.
641 2211 811 2270 Conclamat
832 2213 869 2270 ab
891 2214 1008 2290 agmine

291 2313 440 2371 Volscens:

213 2416 300 2484 State,
313 2417 380 2486 viri;
402 2435 467 2492 quae
483 2416 573 2474 cauffa
587 2415 658 2473 viae?
684 2415 772 2491 quive
783 2417 846 2476 estis
859 2418 890 2475 in
903 2419 1007 2478 armis?

211 2517 320 2575 Quove
334 2519 436 2577 tenetis
449 2519 519 2574 iter?
541 2518 625 2574 Nihil
637 2518 682 2575 illi
696 2520 813 2577 tendere
824 2530 922 2589 contra
928 2547 959 2594 3„
995 2554 998 2560 ,

212 2620 267 2677 Sed
280 2621 402 2677 celerare
414 2621 514 2695 fugam
527 2619 557 2676 in
572 2620 661 2690 filma,
683 2630 713 2678 et
725 2622 814 2680 fidere
826 2624 913 2682 noeti.
968 2672 970 2675 .

210 2719 361 2795 Objiciunt
374 2723 482 2796 equites
494 2720 552 2778 sese
565 2722 601 2778 ad
614 2721 734 2780 divortia
749 2732 817 2780 nota
998 2785 1001 2789 ,

211 2821 290 2880 Hinc
306 2833 392 2898 atque
410 2823 487 2894 hinc,
506 2843 681 2900 omnemque
698 2825 810 2885 abitum
821 2818 938 2889 ¹custode
955 2839 1003 2884 co*

287 2934 400 2983 tonant.
940 2986 956 2991 ,,
996 2990 1000 2998 ,

245 3027 330 3085 -Silva
339 3027 406 3096 tuit,
426 3027 482 3084 late
496 3028 598 3098 dumis,
619 3037 706 3105 atque
717 3028 785 3086 ilice
799 3028 892 3104 nigri,¹
927 3089 952 3094 Α,
993 3056 1000 3094 3

211 3128 335 3187 Horrida
341 3154 349 3200 3
372 3147 458 3204 quam
471 3129 548 3188 denfi
561 3130 727 3205 conplemnt
736 3130 865 3205 undique
877 3131 998 3206 sentosa}

206 3230 284 3292 llam
295 3249 347 3312 per
361 3231 489 3290 occultos
500 3230 838 3299 lucebutiemitacallio.
906 3274 922 3300 ,,-
941 3269 949 3322 3
968 3268 976 3304 ·.
989 3254 1000 3304 ;·,
