2509 3875
433 246 437 255 ¹
483 226 690 279 NOTULAE.

187 364 296 430 neynius.
310 385 313 390 ·
327 369 371 417 He
388 372 516 419 variationes
531 370 669 435 summoperb
682 374 768 434 placent
781 368 857 434 postis.
894 369 984 429 Noster,

185 456 242 503 AEn.
254 458 286 503 xi.
304 470 358 519 291.

314 577 439 593 ......
455 548 521 595 ambo
530 551 539 579 ‘
546 548 651 609 insignes'
661 548 810 611 praestantibus
823 548 905 594 ‘armis
914 547 931 593 ι’

185 642 209 678 at
217 633 326 691 Valerius,
342 634 374 680 iii.
385 648 441 695 430.

312 754 416 769 .....
432 724 508 783 Argoa
518 738 596 771 manus
606 724 673 772 variis
680 727 689 754 ‘
696 724 784 785 infignis
795 724 819 771 in
828 703 916 772 armis!
980 749 982 758 v

184 790 289 855 Conseras
298 808 353 855 AEn.
365 810 397 857 ix.
412 824 468 871 437.
483 828 537 859 curn
547 813 579 859 vi.
598 826 653 877 359.

216 893 269 943 Ver.
282 910 320 959 59.
344 897 417 944 Po'etae
428 910 526 946 mentem
538 916 581 947 non
595 900 682 947 assecuti
696 902 745 947 sunt
758 901 859 956 editores,
874 914 923 962 quae
933 898 983 947 satit

181 984 275 1031 elucebit
284 1000 324 1045 ope
335 986 457 1032 nostrarum
468 986 641 1044 distinstionum,
659 988 675 1034 fi
688 989 711 1034 in
721 988 831 1035 auxilium
840 998 930 1034 vocetur
937 987 986 1033 sora

93 1104 94 1107 ,
184 1073 247 1117 mula
263 1072 374 1131 orationis,
390 1090 457 1135 quam
467 1074 606 1121 adhibuimus
615 1076 643 1122 ad
651 1074 707 1121 AEn.
718 1075 753 1122 iii.
763 1074 820 1136 456.
840 1080 858 1108 ‘⁴
867 1076 983 1121 Poscamur

93 1182 94 1187 =
183 1162 201 1189 ‘¹
212 1169 295 1216 ventos,
304 1170 330 1205 ut
340 1160 430 1224 impune
441 1162 492 1208 dent
500 1162 561 1209 nobis
571 1163 609 1209 hos
619 1164 710 1209 honores
716 1161 821 1209 celebrare
827 1181 835 1220 3
852 1178 891 1208 nec
901 1163 983 1225 spirent

183 1252 201 1280 “
211 1234 308 1305 secundi,
329 1250 383 1296 dum
401 1251 424 1297 in
442 1248 515 1297 stertit
533 1267 648 1300 moramur
666 1252 707 1301 hoc
725 1260 827 1311 agentes:
850 1267 903 1298 nam
923 1250 983 1297 nefas

93 1356 94 1381 1
180 1336 260 1383 “esset
276 1338 341 1395 mihi,
363 1336 450 1385 Divrlm
467 1340 557 1386 monitis
573 1340 660 1401 obsequi
675 1354 720 1402 prae
736 1354 774 1385 me
790 1338 875 1397 serenti,
895 1349 983 1401 tempos

183 1427 201 1467 .“
210 1426 305 1486 perdere,
322 1424 443 1472 srsaventes
459 1427 481 1471 in
494 1428 566 1473 altum
577 1437 678 1473 vocarent
691 1442 759 1485 aurae,
774 1442 802 1473 ne
817 1442 883 1474 omne
899 1426 982 1473 benefi-

182 1516 200 1543 “
209 1514 270 1559 cium
291 1512 363 1559 otiosrs
380 1514 536 1575 impenderent,
555 1524 577 1559 et
594 1509 665 1575 posted
681 1514 843 1560 adversarentur
859 1514 983 1573 naviganti·

93 1598 114 1649 :³
181 1600 272 1646 “bus'’
310 1602 382 1647 Potest
398 1598 467 1646 etiaim
484 1600 580 1647 excidisse
599 1600 654 1647 ‘ut'
672 1601 719 1661 post
735 1600 844 1650 ‘lectum’
877 1600 982 1648 Conseras

181 1702 247 1735 verns·
260 1686 314 1747 762.
333 1686 387 1747 763.
414 1690 480 1733 Plura
488 1688 587 1748 expedies
596 1688 623 1734 ad
635 1688 722 1733 Lucret.
734 1687 749 1732 i.
767 1701 805 1746 30.

215 1778 269 1824 Ver.
283 1778 337 1837 163.
356 1774 430 1836 Vulgb
440 1778 520 1823 ‘levas
528 1778 544 1823 ι’
561 1767 595 1822 sed
606 1785 645 1822 aut
654 1775 742 1823 adhaesit
752 1776 815 1822 litera
825 1774 930 1838 sequentis
940 1792 981 1823 vo·

182 1865 263 1921 cabuli,
280 1875 318 1912 aut
328 1866 396 1911 timor
405 1865 431 1911 de
446 1874 518 1911 metro
532 1862 606 1910 minls
619 1864 738 1923 elegantem
752 1863 870 1910 leslionern
884 1866 982 1927 interpo-

166 1956 246 2002 lavit.
279 1954 335 2002 Vide
346 1953 421 2000 nosad
431 1953 465 1999 iii.
484 1965 540 2012 701.
557 1952 741 1999 astruerint.
757 1969 796 2019 pp.
810 1965 849 2014 59,
864 1952 906 2002 60.
926 1970 983 2007 cum
1013 1961 1016 1966 '

185 2041 285 2108 Preigero
295 2042 322 2088 ad
332 2041 468 2098 Lucretium,
485 2041 500 2086 i.
519 2053 575 2102 490.

212 2131 268 2176 Ver.
279 2143 335 2189 ²40·
361 2125 462 2176 Omnind
478 2127 620 2188 recipiendam
637 2127 691 2173 duri
709 2128 872 2176 distinslionem
890 2131 983 2192 Heynio

181 2215 324 2284 perelegantbr
335 2215 477 2280 propositam:
501 2213 539 2278 qui
555 2215 584 2261 ad
599 2213 655 2260 AEn.
666 2214 684 2261 i.
704 2228 757 2276 144.
776 2215 846 2278 quaim
858 2217 982 2280 opportune

183 2315 295 2368 provocat·
440 2304 443 2312 “

213 2397 268 2443 Ver·
281 2405 337 2455 275.
362 2393 388 2440 ld
405 2393 444 2453 est,
461 2381 534 2440 “istu
551 2391 621 2453 gravis
638 2392 708 2442 saxi.’'
740 2395 840 2442 Editores
856 2411 901 2442 non
916 2393 980 2443 avide

144 2507 146 2512 ·
182 2483 291 2546 arripuisse
308 2483 426 2530 lessionem
442 2482 528 2540 codicis,
545 2497 612 2544 quam
626 2483 763 2541 exhibemus,
780 2484 814 2530 sed
828 2485 933 2547 reliquisse
943 2485 980 2532 lo-

181 2589 234 2622 cum
245 2575 280 2620 vel
293 2573 372 2620 infimo
388 2572 486 2634 scriptori
499 2570 598 2619 nraximb
616 2573 755 2634 probrosum!
777 2573 855 2629 Pudet,
872 2574 980 2635 pigetque.

182 2663 241 2710 Hinc
259 2660 308 2709 sane
323 2660 382 2710 sacili
396 2676 459 2723 opere
472 2660 605 2708 construslio
620 2661 744 2723 expeditur,
762 2662 796 2708 sed
811 2662 864 2708 latet
876 2662 979 2724 quiddam

181 2748 245 2814 longe
258 2751 377 2809 venustius,
391 2761 414 2798 et
430 2747 479 2796 verb
491 2750 649 2810 virgilianum,
664 2766 732 2812 quam
748 2765 802 2796 cum
819 2750 899 2796 lestore
913 2765 979 2796 com·

182 2840 295 2888 municare
310 2855 337 2886 ne
346 2839 438 2886 brevitas
448 2836 537 2902 quidem
548 2839 610 2886 nobis
622 2838 724 2901 imposita
737 2853 795 2884 nunc
811 2835 887 2886 saltbm
902 2839 979 2902 prohi-

185 2929 256 2976 bebit:

311 3047 418 3066 ,....
433 3047 585 3066 .......
599 3015 812 3082 aut‘gravisasbo’

311 3107 448 3154 seminecem
458 3107 523 3169 liquit
533 3105 615 3162 ‘saxo,'
632 3106 781 3166 lecerumque,
791 3103 874 3153 viator:

261 3213 335 3253 VOL·
351 3214 389 3258 11.
572 3213 596 3252 X
