2509 3875
214 387 245 426 v.
258 375 336 426 524.¹
523 367 622 427 LIB.
662 369 714 426 VI.
978 379 1024 428 83·

215 525 350 592 Emovet,
369 532 399 581 et
412 524 503 582 fidum
516 524 604 601 capiti
617 524 791 582 subduxerat
804 524 898 583 ensem
905 533 919 598 ;'

213 629 295 684 Intra
310 628 382 685 tetta
395 636 479 684 vocat
492 628 670 696 Menelaum,
691 637 722 684 et
734 627 834 686 limina
847 629 957 705 pandit.

214 730 333 787 Scilicet
344 730 375 786 id
388 726 527 806 magnum
540 730 653 806 sperans
666 731 727 788 fore
739 751 844 789 munus
858 734 976 801 amanti,

214 833 256 890 Et
268 834 375 890 famam
389 833 534 909 exstingui
546 843 677 891 veterum
691 834 728 890 fic
741 834 817 910 poffe
830 835 980 891 malorum.

216 935 301 993 Quid
314 925 426 992 moror?
446 935 617 1011 inrumpunt
634 935 774 1008 thalam03
795 955 889 994 comes
903 926 1026 996 additus¹

295 1039 355 1094 una

179 1148 182 1151 ’
214 1135 357 1200 Hortator
370 1141 507 1198 scelerum
519 1141 658 1198 AEolides.
698 1141 747 1210 Di,
769 1142 837 1200 talia
850 1143 946 1201 Graiis
967 1131 969 1138 ¹
1025 1135 1028 1146 ¹

215 1244 375 1325 Instaurate
382 1268 391 1314 3
412 1245 461 1320 pio
474 1246 495 1300 fi
508 1263 606 1320 poenae
617 1263 666 1302 ore
678 1245 801 1321 reposco.

185 1405 191 1410 ,
216 1349 274 1404 Sed
289 1356 317 1403 te
330 1347 380 1422 qui
393 1347 492 1404 vivum
505 1347 594 1415 casus,
614 1366 668 1422 age
681 1347 740 1405 fare
753 1347 882 1417 viciffim,

215 1450 397 1507 Adtulerint.
438 1449 574 1526 Pelagine
587 1450 665 1507 venis
679 1449 819 1508 erroribus
830 1451 917 1520 auus,

215 1553 267 1608 An
281 1553 394 1608 monitu
407 1551 526 1609 divom?
547 1571 593 1620 an,
614 1571 678 1628 quae
692 1563 720 1610 te
734 1555 858 1612 Fortuna
871 1554 984 1631 fatigat,

194 1721 199 1730 ι
217 1656 262 1712 Ut
275 1645 361 1711 tristis
374 1655 432 1712 fine
446 1655 504 1712 sole
516 1656 623 1722 domos,
644 1655 706 1714 loca
720 1657 843 1726 turbida,
865 1657 972 1714 adires?

257 1759 323 1814 Hac
336 1757 399 1814 vice
411 1756 574 1814 sermonum
586 1758 672 1816 roseis
685 1761 798 1817 Aurora
812 1760 958 1837 quadrigis

218 1862 286 1939 Jam
298 1859 427 1917 medium
441 1861 559 1918 aetherio
572 1859 655 1917 cursu
669 1859 816 1937 trajecerat
831 1881 926 1918 axem:

218 1965 257 2021 Et
269 1964 327 2021 fors
337 1983 423 2021 omne
435 1966 536 2021 datum
549 1966 694 2021 traherent
707 1982 757 2040 per
771 1964 838 2021 talia
853 1974 976 2041 tempus3

218 2068 275 2124 Sed
296 2086 391 2125 comes
412 2068 571 2138 admonuit,
591 2067 772 2141 breviterque
791 2066 886 2123 adfata
909 2066 1017 2144 Sibylla

297 2170 351 2227 est:
1018 2168 1022 2185 '

218 2272 288 2329 Nox
301 2272 367 2341 ruit,
389 2274 498 2345 AEnea3
520 2292 571 2330 nos
583 2274 679 2331 flendo
692 2273 823 2331 ducimus
836 2272 926 2331 horas.

218 2375 279 2431 Hic
291 2376 371 2432 locus
384 2376 432 2445 est,
452 2375 540 2452 partis
553 2377 603 2433 ubi
617 2377 646 2434 se
658 2377 703 2435 via
717 2376 800 2434 findit
814 2376 845 2433 in
859 2378 968 2435 ambas:

219 2478 357 2546 Dextera,
377 2498 441 2553 quae
454 2478 530 2535 Ditis
544 2480 643 2556 magni
656 2479 707 2538 sub
721 2480 826 2537 moenia
841 2480 933 2537 tendit
938 2506 947 2552 3

220 2582 285 2638 Hac
298 2582 353 2637 iter
367 2582 494 2657 Elyfium
507 2582 603 2638 nobis:
626 2592 655 2639 at
668 2584 737 2640 laeva
751 2584 891 2639 malorum

219 2685 343 2741 Exercet
357 2703 463 2760 poenas,
483 2686 560 2741 etad
574 2685 653 2761 inpia
666 2688 784 2743 Tartara
798 2686 899 2745 mittit.

218 2786 388 2863 Deiphobus
401 2797 513 2845 contra:
535 2789 583 2845 Ne
596 2788 671 2856 saevi,
691 2808 795 2865 magna
810 2778 951 2857 sacerdos}
1022 2786 1026 2791 '

121 2947 123 2952 ,
216 2888 383 2960 Discedam,
397 2891 519 2966 explebo
532 2910 693 2959 numerum,
707 2894 864 2965 reddarque
878 2888 1014 2947 tenebris.

218 2994 233 3049 1
247 2993 341 3060 decus,
362 2994 381 3060 i,
402 2994 541 3065 nostrum3
561 2994 726 3051 melioribus
738 3003 818 3051 utere
830 2992 908 3052 fatis.

217 3094 346 3151 Tantum
360 3095 472 3165 effatus,
491 3106 521 3153 ct
533 3097 565 3153 in
577 3099 664 3154 verbo
677 3096 792 3173 vestigia
806 3095 892 3153 torsit.

259 3196 385 3274 Respicit
398 3200 506 3257 AEneas
519 3199 622 3269 subito,
643 3212 672 3257 et
686 3199 737 3256 sub
750 3216 819 3274 rupe
832 3196 937 3254 finistrd

218 3296 402 3360 Moenia‘lata
416 3302 505 3375 videt,
525 3303 632 3379 triplici
644 3303 817 3360 circumdata
830 3320 924 3359 muro:
