2509 3875
928 144 1169 154 ...--.——...—,

158 324 188 365 v.
202 311 281 365 515.
493 306 593 365 ΗΒ.
632 305 670 365 V.
932 310 974 375 ⁴0

155 459 231 536 Jam
246 478 342 519 vacuo
354 460 451 521 laetam
461 463 535 521 coelo
548 461 724 539 specttlatus5
745 467 784 528 et,
803 458 855 518 slis

89 616 94 643 ‚
156 564 368 634 mandentem,
389 564 472 641 nigri
489 565 554 641 figit
566 565 619 623 sub
632 566 710 623 nube
719 563 892 621 columbam.

155 664 289 723 Decidit
302 666 453 736 exanimis,
473 667 619 743 vitamque
632 665 748 740 reliquit
760 664 792 721 in
805 663 883 721 astris
981 716 984 726 .

157 767 323 833 AEtheriis,
342 768 489 843 fixamque
501 770 588 827 refert
600 767 714 825 delabsa
726 765 869 841 sagittam.

157 869 283 925 Amisst
294 870 369 927 solus
381 871 476 947 palma
489 869 640 947 superabat
651 868 780 926 Acestes:

160 971 230 1027 Qui
246 980 345 1029 tamen
358 973 447 1031 adrias
462 973 551 1029 telum
565 970 759 1029 contenditis
772 988 863 1039 auras,

160 1074 324 1131 Orientaus
337 1083 485 1150 artemque
498 1083 588 1150 pater,
602 1090 759 1148 arcumque
771 1071 929 1130 sonantem.

160 1177 226 1235 Hic
238 1177 332 1235 ocutis
345 1177 473 1237 subitum
486 1176 630 1253 objicitur,
648 1154 812 1252 mrqnoque
824 1175 961 1237 futurum.
1029 1247 1031 1252 Ι

162 1278 313 1355 Auguria,
332 1279 504 1337 monstrum:
525 1279 625 1336 docuit
638 1278 699 1353 post
710 1277 805 1335 exitus
817 1276 934 1353 iugens5

163 1382 293 1457 Seraque
307 1380 426 1439 terrifici
439 1380 605 1439 cecinerunt
617 1380 715 1437 omina
727 1388 814 1438 vates.

163 1468 315 1559 Namque,
331 1484 429 1541 volans
440 1482 558 1557 liquidis
571 1482 602 1539 in
616 1482 750 1550 nubibus,
770 1482 837 1539 arfit
849 1458 966 1551 aruudu

164 1586 356 1663 signavitque
368 1584 445 1645 viam
459 1585 591 1653 flammis,
612 1584 764 1659 tenuisque
773 1583 881 1641 receffit

164 1688 326 1751 Consumto
338 1687 369 1745 in
383 1695 495 1747 ventos:
518 1686 591 1743 coelo
604 1705 659 1745 ceu
670 1685 744 1761 saepe
755 1685 846 1743 refixa

164 1788 387 1859 Transcurrunt,
406 1790 573 1865 crinemque
586 1788 711 1847 volantia
725 1790 813 1847 sidera
825 1789 946 1847 ducunt.

165 1892 316 1950 Adtonitis
328 1891 433 1953 haesere
447 1891 558 1959 animis,
578 1890 748 1967 superosque
760 1890 869 1965 precati

164 1995 318 2064 Trinacrii,
337 1994 500 2070 Teucrique
512 1992 580 2051 viri:
602 2011 657 2050 nec
669 2012 820 2050 maxumus
831 2011 919 2049 omen

164 2097 282 2159 Abnuit
293 2097 417 2167 AEneas5
438 2095 486 2153 sed
498 2095 598 2154 laetum
610 2095 760 2172 amplexus
773 2095 896 2152 Acesten

164 2198 337 2260 Muneribus
349 2199 477 2262 cumulat
490 2198 611 2275 magnis,
632 2218 665 2256 ac
676 2196 744 2256 talia
757 2199 849 2256 fatur:

92 2340 97 2355 ·
164 2303 262 2372 Sume,
282 2312 374 2380 patert
396 2321 464 2360 nam
478 2312 506 2360 te
520 2301 613 2376 voluit
625 2321 676 2359 rex
689 2320 812 2378 magnus
824 2300 946 2377 Olympi
967 2352 969 2355 .

162 2403 286 2466 Talibus
298 2403 429 2480 auspiciis
442 2402 583 2462 exsortem
596 2405 699 2461 ducere
711 2403 842 2462 honores.

161 2506 255 2586 Iustus
270 2505 402 2566 Anchisae
413 2505 538 2582 iongaevi
551 2505 605 2562 hoc
618 2525 722 2562 munus
735 2505 862 2574 habebis,
972 2536 976 2546 ·

163 2609 283 2672 Cratera
295 2607 449 2684 inpressum
463 2605 557 2683 ignis,
577 2626 665 2683 quem
676 2606 817 2666 Thracius
829 2608 901 2666 olim

164 2708 302 2772 Anchisae
314 2708 438 2786 genitori
450 2708 482 2768 in
495 2727 600 2784 magno
613 2692 733 2774 munere
744 2710 853 2768 Citieus

165 2815 250 2874 Ferre
260 2811 305 2870 sui
316 2813 430 2872 dederat
440 2821 671 2880 monumentum,
682 2821 712 2868 et
722 2811 836 2887 pignus,
850 2809 962 2866 amoris.

164 2916 213 2977 sic
225 2915 301 2974 fatus
313 2914 407 2990 cingit
419 2913 555 2972 viridanti
569 2924 698 2988 tempora
711 2913 799 2980 lauro,

165 3020 204 3077 Et
215 3018 342 3094 primum
355 3026 423 3077 ante
436 3015 527 3074 omnis
539 3015 674 3073 victorem
692 3013 816 3088 adpellat
829 3009 960 3070 Acesten.

166 3121 230 3180 Nec
244 3121 334 3178 bonus
346 3119 487 3195 Eurytion
498 3117 616 3194 praelato
628 3115 733 3173 invidit
746 3112 860 3183 honori5

166 3220 309 3286 Quamvis
321 3221 395 3280 solus
408 3239 490 3280 avem
504 3219 575 3280 coelo
588 3217 693 3292 dejecit
706 3217 742 3274 ab
755 3215 823 3274 alto.

224 3337 298 3384 vor..
314 3339 351 3380 ιι.
544 3337 562 3374 n
612 3354 616 3360 -
