2509 3875
224 365 251 404 v.
265 354 313 416 93.
530 345 629 403 ΜΒ.
669 345 722 403 xr.
964 343 1054 401 m

225 514 425 592 Tyrrhenique
438 517 532 586 duces,
552 524 582 574 et
593 516 678 574 vertis
690 515 817 574 Arcades
829 512 923 571 armis.

210 648 213 653 ·
227 618 387 693 Postquam
399 620 492 676 omnis
504 619 590 696 longe
602 617 743 676 comitum
754 616 922 694 procefferat
933 614 1011 685 ordo,

226 720 354 777 Substitit
369 722 490 792 AEneas5
513 722 681 799 gemituque
693 720 755 777 haec
767 718 878 777 addidit
890 719 964 775 alto:

225 824 257 881 N
258 843 288 880 os
300 823 370 881 ¹elias
382 824 451 881 hinc
463 825 500 881 ud
511 824 642 883 lacrimas
654 824 754 881 eadem
766 822 880 880 horrida
893 821 962 879 belli
1012 837 1013 840 ’

224 926 293 983 Fata
304 935 417 983 vocant.
437 926 519 983 Salve
529 937 669 983 aeternum
679 925 765 983 mihit
786 943 922 982 nnxume
933 924 1019 996 Palla,

224 1028 439 1104 AEternumque
454 1028 531 1087 vale!
561 1030 626 1087 Nec
638 1028 721 1105 plura
733 1028 845 1098 effatus,
867 1029 904 1085 ad
917 1028 989 1086 altos

223 1131 373 1188 Tendebat
387 1150 490 1201 muros,
511 1132 690 1207 greffumque
704 1131 736 1188 in
748 1130 835 1188 castra
848 1130 967 1189 serebat.

262 1234 385 1309 Jamque
397 1243 520 1290 oratores
532 1234 649 1291 aderant
662 1253 699 1291 ex
712 1235 783 1291 urbe
796 1233 910 1302 Latina,

223 1334 320 1391 Veluti
331 1334 417 1392 ramis
430 1335 509 1405 oleae,
531 1334 701 1411 veniamque
714 1344 863 1412 rogantes:

222 1438 357 1513 Corpora,
376 1454 428 1513 per
439 1456 554 1513 campos
566 1438 642 1496 ferro
653 1457 719 1513 quae
731 1437 793 1495 fusa
801 1436 944 1513 jacebant,

223 1539 374 1607 Redderet,
394 1558 428 1597 ac
441 1539 552 1596 tumulo
566 1539 668 1596 fineret
680 1540 829 1597 succedere
843 1550 939 1599 terraet

222 1640 347 1698 Nullum
360 1652 427 1699 cunt
439 1640 520 1698 victis
532 1650 685 1711 certamen,
705 1651 736 1699 et
748 1640 855 1699 aethere
866 1642 960 1713 caffis3

221 1742 351 1801 Parceret
363 1742 521 1819 hospitibus
533 1744 687 1819 quondam,
708 1741 876 1819 socerisque,
888 1743 1004 1803 vocatis.

222 1845 304 1903 Quos
317 1847 409 1903 bonus
421 1846 539 1914 AEncas,
559 1846 636 1903 haud
648 1845 821 1922 aspernanda
834 1846 985 1923 precantis,

221 1949 403 2025 Prosequitur
414 1949 506 2016 venii,
527 1959 557 2005 et
569 1948 663 2006 verbis
680 1948 742 2006 haec
754 1947 870 2024 insuper
882 1949 977 2008 addit:

222 2053 298 2110 011ae
311 2071 379 2110 uam
392 2071 441 2109 vos
454 2061 534 2109 tanto
548 2052 673 2109 Fortuna
686 2050 815 2126 indigna,
836 2051 944 2120 Latini,

222 2154 360 2230 Inplicuit
373 2153 458 2223 bello,
479 2153 531 2230 qui
544 2171 594 2210 nos
607 2152 727 2229 fugiatis
739 2154 861 2210 amicos?

221 2258 323 2314 Pacem
336 2273 383 2312 me
394 2254 544 2324 exanimis,
564 2265 593 2312 et
606 2254 710 2313 Martie
722 2255 796 2312 sorte
809 2254 953 2333 peremtio,

221 2358 335 2416 Oratis?
357 2357 492 2433 equidem
504 2367 532 2415 et
546 2357 617 2415 vivis
630 2358 784 2416 concedere
797 2359 912 2418 vellem.

221 2460 286 2518 Nec
298 2459 375 2528 veni,
395 2459 447 2516 nifi
461 2460 530 2517 Fata
543 2461 648 2529 locum,
670 2459 831 2537 sedemque,
852 2462 1007 2535 dediss’ent3

220 2560 285 2618 Nec
298 2561 406 2620 beilum
419 2581 486 2620 cum
499 2573 585 2637 gente
598 2580 681 2638 gero:
703 2581 754 2620 rex
767 2564 857 2622 nostra
871 2564 989 2640 reliquit

220 2661 363 2737 Hospitio,
383 2671 413 2720 et
423 2663 514 2720 Turni
527 2663 622 2739 potius
636 2663 664 2722 se
677 2665 798 2723 credidit
811 2665 905 2723 armis.

221 2762 348 2838 AEquiuc
359 2763 428 2822 huic
438 2766 571 2823 Turnum
583 2765 679 2824 suerat
691 2767 721 2825 se
732 2785 875 2842 opponere
889 2766 983 2824 morti.
1032 2745 1037 2756 ⁹

220 2865 252 2922 Si
264 2865 373 2926 bellum
386 2866 468 2925 finire
481 2887 578 2936 uranu,
588 2869 620 2925 vs1
634 2869 740 2945 pellere
747 2870 882 2935 Teucros,

219 2968 363 3044 Adparet5
385 2968 429 3027 his
442 2987 557 3027 mecum
568 2970 666 3028 decuit
678 2987 846 3026 concurrere
860 2969 936 3028 telis:

219 3054 318 3139 Vinet,
339 3070 386 3130 cui
399 3070 490 3130 titum
502 3072 579 3141 deus,
599 3081 651 3129 aut
663 3070 712 3128 sua
724 3071 834 3140 dextra,
854 3072 981 3132 dediffet.

219 3171 309 3239 Nunc
322 3174 372 3242 ite,
391 3183 421 3232 et
434 3172 540 3230 miseris
553 3172 705 3250 subponite
717 3171 827 3230 civibus
839 3172 947 3250 ignem.

258 3274 380 3354 Diuerat
392 3277 516 3336 AEneas:
538 3275 590 3334 olli
603 3275 772 3352 obstupuere
784 3274 911 3351 fidentes5
