2509 3875
257 338 294 399 ιο
506 334 784 405 AENEIDOS‚
942 344 1056 396 v.223.'

252 486 335 543 Vade
348 504 410 563 age,
429 496 505 557 nate,
525 508 595 548 voca
605 490 760 568 Zephyros,
780 500 811 549 et
822 491 917 548 labere
929 491 1032 567 pennis
1037 516 1054 561 ς

252 587 489 665 Dardaniumque
500 591 613 660 ducem,
623 592 713 669 Tyria
722 591 899 668 Carthagine
909 592 962 668 qui
970 611 1049 651 nuuc

252 688 411 767 Exspectat,
432 690 555 769 satisque
567 694 646 750 datas
658 712 717 751 uon
728 692 843 771 respicit
856 693 942 763 urbis,

250 790 431 867 Adloquete3
453 803 482 851 et
494 793 592 851 celeris
604 795 685 853 defer
696 814 761 853 mea
773 794 847 853 diua
861 813 910 871 pei
923 814 1014 853 auras.
1047 804 1052 811 '

251 892 283 953 N
284 912 321 950 ou
336 892 420 953 illum
433 894 513 953 nobis
526 895 660 971 genetrix
672 896 862 971 pulcherrima
874 896 962 955 talem

252 994 390 1065 Promisit,
411 996 589 1073 Graiquuc
601 997 668 1056 ideo
680 998 724 1055 bie
736 997 862 1055 vindicat
875 998 974 1057 armis:

250 1096 305 1157 Sed
317 1096 388 1166 sore,
400 1096 460 1173 qui,
474 1098 622 1175 gravidam
633 1099 761 1176 imperiis
773 1099 904 1176 belloque
917 1100 1048 1159 siumeu-

288 1246 291 1251 .
329 1206 397 1267 tem,

249 1298 365 1359 Iuliam
377 1310 486 1378 regeret
490 1326 499 1373 3
522 1322 612 1379 genus
624 1303 683 1361 alto
696 1322 713 1361 a
725 1302 863 1380 sanguine
874 1304 980 1362 Teucri
1046 1361 1048 1363 ,

249 1401 391 1470 Proderet,
411 1422 444 1461 ac
457 1413 550 1463 totum
562 1405 615 1463 sub
628 1406 705 1481 leges
717 1405 846 1463 mitteret
857 1406 965 1465 orbem.

248 1503 279 1562 Si
292 1504 371 1561 nulla
384 1506 517 1563 adcendit
528 1514 673 1564 tantarum
686 1506 777 1583 gloria
789 1525 894 1575 rerum,

248 1606 313 1665 Nec
326 1604 409 1683 super
420 1607 481 1684 ipse
493 1608 543 1665 sui
555 1608 674 1667 molitur
688 1609 773 1666 laude
784 1608 926 1678 laborem3

247 1710 411 1769 Ascanione
422 1720 502 1787 pater
514 1712 657 1769 Romanas
670 1710 780 1769 invidet
793 1714 886 1769 arces?

249 1810 330 1869 Quid
340 1812 435 1869 struit?
449 1813 565 1889 autqud
573 1813 622 1890 spe
631 1813 748 1871 inimici
756 1814 882 1891 ingente
891 1818 1037 1873 moratur?

189 1986 191 1990 Ι
246 1912 312 1972 Nec
324 1915 434 1992 prolem
447 1914 615 1986 Ausoniam,
635 1925 665 1974 et
678 1914 796 1975 Lavinia
810 1914 922 1993 respicit
934 1919 1017 1975 arva?

246 2009 385 2096 Naviget.
405 2019 477 2076 Haec
488 2017 597 2076 summa
607 2018 661 2076 cst:
681 2017 731 2076 hic
744 2018 830 2076 nostri
840 2019 960 2077 nuntius
971 2019 1040 2080 esto.

285 2119 419 2190 Dixerat3
440 2120 489 2177 ille
501 2119 587 2196 patris
600 2119 699 2195 magni
711 2138 811 2196 parere
821 2122 940 2195 parabat

244 2220 381 2296 Imperio:
403 2231 432 2278 et
444 2221 571 2298 primum
583 2221 703 2297 pedibus
716 2221 815 2279 talaria
828 2221 917 2280 nedit

243 2324 354 2390 Aurem
377 2341 453 2397 quae,
473 2321 624 2380 sublimem
636 2321 698 2391 alis,
719 2323 775 2380 five
787 2341 901 2398 aequora
914 2323 1007 2399 supra,

243 2425 299 2481 Seu
308 2433 424 2492 terram,
443 2423 542 2500 rapido
555 2423 662 2500 pan'ter
673 2443 742 2481 cum
753 2424 871 2482 flamine
883 2435 1006 2501 portant.

241 2525 321 2582 Tum
334 2525 444 2601 virgam
457 2524 548 2601 capit:
571 2525 625 2583 hac
638 2523 746 2584 a'nimas
758 2526 807 2584 ille
819 2536 919 2584 evocat
931 2527 1009 2584 Orco

241 2627 390 2697 Pallcutis5
412 2627 481 2684 alias
494 2625 545 2682 sub
557 2626 676 2684 Tartara
690 2627 778 2685 tristia
791 2627 883 2685 mittit
890 2652 899 2698 ς
1040 2688 1044 2692 Α

184 2721 186 2730 “
209 2805 213 2814 ¹
240 2729 300 2788 Dat
313 2728 424 2786 somnos
436 2728 602 2803 adimitque,
624 2739 654 2785 et
666 2729 777 2786 lumina
789 2739 882 2787 morte
893 2730 1044 2807 resignatt.

239 2829 294 2887 lua
313 2831 411 2899 fretus,
432 2830 493 2906 agit
505 2839 613 2899 ventos,
633 2839 664 2888 et
675 2830 789 2888 turbida
804 2840 898 2890 tranat

238 2933 360 2993 Nubila.
398 2936 521 3012 Jamque
533 2933 632 2994 volans
651 2932 772 3009 apicem,
791 2944 822 2991 et
832 2934 922 2992 latera
936 2936 1033 3005 ardua,

314 3035 408 3092 cernit

237 3136 365 3195 Atlantis
377 3137 450 3206 duri,
470 3137 575 3195 ooelum
588 3135 640 3212 qui
651 3135 758 3193 vertice
770 3135 854 3192 fulcit
859 3160 868 3208 5

237 3237 374 3310 Atlantis,
393 3237 518 3296 ciuiium
530 3237 644 3298 adfidue
656 3235 705 3296 cui
717 3236 843 3294 nubibus
855 3236 923 3297 atris
1034 3253 1043 3303 ff
