2509 3875
294 382 315 447 6
553 392 828 459 AENEIDOS‚
982 390 1090 459 ναις).

295 544 438 603 Extulerit
449 545 547 615 Titan,
568 547 710 621 radiisque
723 545 858 604 retexerit
870 546 977 602 orbem.

296 646 352 703 His
364 664 418 723 ego
431 647 602 722 nigrantem,
622 648 769 705 conmixti
783 647 929 723 grandine,
944 644 1088 713 nimbum,

295 747 375 803 Dum
390 746 532 823 trepidant
545 748 606 817 alae,
626 749 768 824 saltusque
779 748 916 823 indagine
927 746 1059 824 cingunt,

296 847 425 924 Desuper
437 848 596 916 infundam,
616 861 646 907 et
659 851 768 907 tonitru
781 850 886 906 coelum
898 866 984 905 omne
997 847 1090 906 ciebo.

296 950 460 1026 Diffugient
472 952 598 1019 comites,
618 962 648 1009 et
660 952 743 1009 nocie
756 960 889 1027 tegentur
900 950 1001 1025 opaci:

296 1052 466 1127 Speluncam
479 1052 556 1109 Dido
568 1054 627 1110 dux
639 1062 670 1110 et
681 1052 820 1128 Trojanus
832 1052 962 1109 eamdem

296 1153 468 1211 Devenient.
508 1156 614 1224 Adero,
627 1164 666 1221 et,
680 1163 728 1211 tua
743 1154 763 1210 fi
776 1152 849 1209 mihi
860 1163 936 1209 certa
948 1152 1092 1224 voluntas,

298 1258 450 1314 Connubio
459 1256 580 1333 jungam
593 1256 694 1322 stabili,
714 1254 913 1332 propriamque
926 1254 1035 1310 dicabo.
1117 1256 1120 1260 ’

297 1357 356 1415 Hic
370 1359 544 1434 Hymenaeus
557 1357 621 1415 erit.
661 1358 730 1413 Non
744 1354 888 1413 adversata
901 1354 1011 1430 petenti
1097 1394 1100 1397 ⁴

297 1460 419 1535 Adnuit,
440 1468 525 1534 atque
538 1458 610 1515 dolis
624 1458 684 1515 risrt
696 1457 838 1532 Cytherea
852 1456 978 1531 repertis.

336 1559 487 1618 Oceanum
500 1559 606 1616 interea
621 1558 737 1633 surgens
747 1559 858 1615 Aurora
872 1557 1021 1632 relinquit:

297 1662 326 1717 It
338 1662 435 1738 portis,
451 1660 552 1736 jubare
565 1670 673 1726 exorto,
693 1659 800 1716 delecta
809 1657 953 1733 juventus.

300 1762 382 1820 Retia
396 1781 465 1829 rara,
486 1761 586 1837 plagae,
606 1762 665 1817 lato
677 1760 817 1817 uenabula
830 1761 915 1828 ferro,

298 1863 470 1940 Massylique
482 1872 570 1919 ruunt
583 1862 701 1938 equites,
720 1872 750 1918 et
762 1862 847 1919 odora
860 1880 964 1919 canum
976 1860 1027 1919 vis.

299 1966 451 2042 Reginam,
472 1965 598 2022 thalamo
612 1965 803 2033 cunctantem,
824 1965 858 2021 ad
873 1964 972 2022 limina
985 1963 1074 2040 primi

219 2074 223 2082 ‘
298 2069 450 2124 Poenomm
462 2066 625 2141 exspectant
631 2091 640 2135 3
662 2065 791 2141 ostroque
803 2063 929 2142 insignis,
949 2073 979 2123 et
992 2085 1072 2138 auro,

299 2169 361 2224 Stat
374 2168 492 2243 sonipes,
512 2185 545 2224 ac
558 2165 639 2222 frena
653 2167 732 2223 serox
746 2166 904 2241 spumantia
917 2168 1039 2225 mandit.

298 2269 428 2327 Tandem
441 2267 628 2344 progreditur,
649 2269 753 2343 magni
765 2267 884 2343 stipante
896 2269 1018 2337 catervi,

299 2369 443 2426 Sidoniam
457 2369 532 2444 pisto
544 2369 725 2445 chlamydem
739 2369 912 2426 circumdata
924 2369 1023 2426 limbo.
1091 2375 1094 2382 '
1167 2368 1168 2379 ¹

299 2471 356 2527 Cui
369 2470 500 2545 pharetra
513 2488 549 2526 ex
564 2487 641 2538 auro,
660 2469 752 2527 crines
767 2472 909 2528 nodantur
921 2471 951 2528 in
966 2491 1081 2543 aurum,

299 2574 395 2630 Aurea
409 2589 579 2648 purpuream
591 2570 733 2628 subnetlit
746 2571 833 2629 fibula
845 2573 959 2630 veliem.

299 2675 364 2732 Nec
378 2692 435 2730 non
449 2681 479 2728 et
492 2671 608 2748 Phrygii
621 2672 738 2730 comites
750 2682 780 2729 et
792 2673 873 2730 laetua
887 2674 965 2730 Iulus

299 2776 450 2834 Incedunt.
491 2773 562 2849 Ipse,
583 2767 649 2831 aitte
662 2773 732 2831 alios
744 2774 950 2849 pulcherrimus
962 2777 1066 2847 omnia,
1105 2848 1111 2855 1
1162 2770 1163 2825 l

298 2873 433 2934 infert'se
446 2875 552 2931 socium
566 2875 684 2945 AEneas,
705 2886 790 2950 atque
802 2875 916 2952 agmina
925 2875 1039 2953 jungit:
1161 2868 1162 2915 l

300 2978 412 3046 Qualis,
425 2976 476 3032 ubi
488 2976 637 3033 hibernam
651 2977 780 3052 Lyciam,
792 2979 961 3054 Xanthique
973 2980 1092 3053 fluenta,
1159 3034 1160 3039 ,

299 3078 420 3145 Deserit,
439 3097 472 3134 ac
485 3075 593 3132 Delum
605 3086 763 3134 maternam
775 3077 881 3149 iuvifit,
900 3075 1017 3154 Apollo,
1159 3048 1160 3093 l

300 3180 495 3253 Instauratque
508 3177 616 3246 choros,
636 3177 778 3253 mixtique
790 3180 887 3237 altaria
901 3179 1011 3238 circum

301 3283 464 3355 Cretesque,
471 3278 1094 3362 DryopesquefremuntpistiqueAgathyrfi3

1147 3478 1156 3698 l
