<?xml version="1.0" encoding="UTF-8"?>
<!DOCTYPE html PUBLIC "-//W3C//DTD XHTML 1.0 Transitional//EN"
    "http://www.w3.org/TR/xhtml1/DTD/xhtml1-transitional.dtd">
<html xmlns="http://www.w3.org/1999/xhtml" xml:lang="en" lang="en">
 <head>
  <title>
</title>
<meta http-equiv="Content-Type" content="text/html;charset=utf-8" />
  <meta name='ocr-system' content='tesseract 3.04.00' />
  <meta name='ocr-capabilities' content='ocr_page ocr_carea ocr_par ocr_line ocrx_word'/>
</head>
<body>
  <div class='ocr_page' id='page_1' title='image "./pvirgiliimaroni01wakegoog/pvirgiliimaroni01wakegoog_0264.png"; bbox 0 0 2509 3875; ppageno 0'>
   <div class='ocr_carea' id='block_1_1' title="bbox 233 312 1030 385">
    <p class='ocr_par' dir='ltr' id='par_1_1' title="bbox 233 312 1030 385">
     <span class='ocr_line' id='line_1_1' title="bbox 233 312 1030 385; baseline 0.003 -12"><span class='ocrx_word' id='word_1_1' title='bbox 233 320 291 373; x_wconf 76' lang='lat'>252</span> <span class='ocrx_word' id='word_1_2' title='bbox 490 312 767 385; x_wconf 81' lang='lat' dir='ltr'>AENEIDOS,</span> <span class='ocrx_word' id='word_1_3' title='bbox 916 314 1030 375; x_wconf 62' lang='grc' dir='ltr'>ιδολ-</span> 
     </span>
    </p>
   </div>
   <div class='ocr_carea' id='block_1_2' title="bbox 229 464 1028 3310">
    <p class='ocr_par' dir='ltr' id='par_1_2' title="bbox 231 464 1028 1142">
     <span class='ocr_line' id='line_1_2' title="bbox 234 464 1001 551; baseline 0.004 -24"><span class='ocrx_word' id='word_1_4' title='bbox 234 464 339 527; x_wconf 85' lang='lat' dir='ltr'>Horret</span> <span class='ocrx_word' id='word_1_5' title='bbox 351 486 427 547; x_wconf 84' lang='lat' dir='ltr'>ager,</span> <span class='ocrx_word' id='word_1_6' title='bbox 448 472 598 551; x_wconf 80' lang='lat' dir='ltr'>campique</span> <span class='ocrx_word' id='word_1_7' title='bbox 610 472 695 531; x_wconf 89' lang='lat' dir='ltr'>armia</span> <span class='ocrx_word' id='word_1_8' title='bbox 707 468 875 531; x_wconf 81' lang='lat' dir='ltr'><strong>sublimibus</strong></span> <span class='ocrx_word' id='word_1_9' title='bbox 887 471 1001 530; x_wconf 83' lang='lat' dir='ltr'><strong>ardent.</strong></span> 
     </span>
     <span class='ocr_line' id='line_1_3' title="bbox 232 570 948 651; baseline 0.003 -22"><span class='ocrx_word' id='word_1_10' title='bbox 232 570 296 629; x_wconf 89' lang='lat' dir='ltr'>Nec</span> <span class='ocrx_word' id='word_1_11' title='bbox 309 590 366 629; x_wconf 91' lang='lat' dir='ltr'>non</span> <span class='ocrx_word' id='word_1_12' title='bbox 380 571 521 651; x_wconf 75' lang='lat' dir='ltr'>Messapus</span> <span class='ocrx_word' id='word_1_13' title='bbox 538 584 647 644; x_wconf 89' lang='lat' dir='ltr'>contra,</span> <span class='ocrx_word' id='word_1_14' title='bbox 666 575 828 651; x_wconf 80' lang='lat' dir='ltr'>oclereuque</span> <span class='ocrx_word' id='word_1_15' title='bbox 840 572 948 642; x_wconf 86' lang='lat' dir='ltr'>Latini,</span> 
     </span>
     <span class='ocr_line' id='line_1_4' title="bbox 231 672 951 753; baseline 0.003 -21"><span class='ocrx_word' id='word_1_16' title='bbox 231 672 269 732; x_wconf 86' lang='lat' dir='ltr'>Et</span> <span class='ocrx_word' id='word_1_17' title='bbox 282 692 349 731; x_wconf 88' lang='lat' dir='ltr'>cum</span> <span class='ocrx_word' id='word_1_18' title='bbox 362 674 448 733; x_wconf 82' lang='lat' dir='ltr'>fratre</span> <span class='ocrx_word' id='word_1_19' title='bbox 461 676 559 745; x_wconf 87' lang='lat' dir='ltr'>Coras,</span> <span class='ocrx_word' id='word_1_20' title='bbox 578 686 607 735; x_wconf 93' lang='lat' dir='ltr'>et</span> <span class='ocrx_word' id='word_1_21' title='bbox 620 676 741 753; x_wconf 75' lang='lat' dir='ltr'>virginis</span> <span class='ocrx_word' id='word_1_22' title='bbox 753 676 798 733; x_wconf 82' lang='lat' dir='ltr'>aia</span> <span class='ocrx_word' id='word_1_23' title='bbox 810 675 951 747; x_wconf 80' lang='lat' dir='ltr'>Camillae,</span> 
     </span>
     <span class='ocr_line' id='line_1_5' title="bbox 231 776 921 855; baseline 0 -20"><span class='ocrx_word' id='word_1_24' title='bbox 231 776 349 835; x_wconf 84' lang='lat' dir='ltr'>Adverfi</span> <span class='ocrx_word' id='word_1_25' title='bbox 362 796 462 855; x_wconf 87' lang='lat' dir='ltr'>campo</span> <span class='ocrx_word' id='word_1_26' title='bbox 475 779 620 855; x_wconf 74' lang='lat' dir='ltr'>adparent,</span> <span class='ocrx_word' id='word_1_27' title='bbox 639 778 787 855; x_wconf 77' lang='lat' dir='ltr'>hastaeque</span> <span class='ocrx_word' id='word_1_28' title='bbox 798 776 921 837; x_wconf 73' lang='lat' dir='ltr'>reduffia</span> 
     </span>
     <span class='ocr_line' id='line_1_6' title="bbox 232 879 1023 957; baseline -0.001 -20"><span class='ocrx_word' id='word_1_29' title='bbox 232 879 407 937; x_wconf 88' lang='lat' dir='ltr'>Protenduut</span> <span class='ocrx_word' id='word_1_30' title='bbox 419 879 506 957; x_wconf 82' lang='lat' dir='ltr'>longe</span> <span class='ocrx_word' id='word_1_31' title='bbox 519 880 637 950; x_wconf 82' lang='lat' dir='ltr'>dextris,</span> <span class='ocrx_word' id='word_1_32' title='bbox 655 888 687 939; x_wconf 92' lang='lat' dir='ltr'>et</span> <span class='ocrx_word' id='word_1_33' title='bbox 698 880 806 957; x_wconf 85' lang='lat' dir='ltr'>spicula</span> <span class='ocrx_word' id='word_1_34' title='bbox 819 880 947 949; x_wconf 73' lang='lat' dir='ltr'>vibrant,</span> <span class='ocrx_word' id='word_1_35' title='bbox 1019 902 1023 912; x_wconf 89' lang='lat'><em>·</em></span> 
     </span>
     <span class='ocr_line' id='line_1_7' title="bbox 231 976 1028 1059; baseline 0.003 -20"><span class='ocrx_word' id='word_1_36' title='bbox 231 976 438 1058; x_wconf 71' lang='lat' dir='ltr'>Adrentuaque</span> <span class='ocrx_word' id='word_1_37' title='bbox 457 981 562 1053; x_wconf 73' lang='lat' dir='ltr'>virium,</span> <span class='ocrx_word' id='word_1_38' title='bbox 589 982 776 1059; x_wconf 79' lang='lat' dir='ltr'>fremitusque</span> <span class='ocrx_word' id='word_1_39' title='bbox 796 980 918 1041; x_wconf 82' lang='lat' dir='ltr'>ardescit</span> <span class='ocrx_word' id='word_1_40' title='bbox 936 999 1028 1057; x_wconf 83' lang='lat' dir='ltr'>equo·</span> 
     </span>
     <span class='ocr_line' id='line_1_8' title="bbox 347 1103 421 1142; baseline 0.014 -1"><span class='ocrx_word' id='word_1_41' title='bbox 347 1103 421 1142; x_wconf 89' lang='lat' dir='ltr'>rum.</span> 
     </span>
    </p>

    <p class='ocr_par' dir='ltr' id='par_1_3' title="bbox 269 1186 995 1265">
     <span class='ocr_line' id='line_1_9' title="bbox 269 1186 995 1265; baseline 0.001 -21"><span class='ocrx_word' id='word_1_42' title='bbox 269 1187 400 1263; x_wconf 84' lang='lat' dir='ltr'>Jamque,</span> <span class='ocrx_word' id='word_1_43' title='bbox 420 1186 495 1245; x_wconf 85' lang='lat' dir='ltr'>intra</span> <span class='ocrx_word' id='word_1_44' title='bbox 504 1186 613 1265; x_wconf 70' lang='lat' dir='ltr'>jactum</span> <span class='ocrx_word' id='word_1_45' title='bbox 626 1188 676 1245; x_wconf 91' lang='lat' dir='ltr'>teli</span> <span class='ocrx_word' id='word_1_46' title='bbox 689 1186 855 1265; x_wconf 77' lang='lat' dir='ltr'>progressus,</span> <span class='ocrx_word' id='word_1_47' title='bbox 874 1195 995 1263; x_wconf 90' lang='lat' dir='ltr'>uterque</span> 
     </span>
    </p>

    <p class='ocr_par' dir='ltr' id='par_1_4' title="bbox 230 1288 1028 1466">
     <span class='ocr_line' id='line_1_10' title="bbox 230 1288 1028 1380; baseline 0 -33"><span class='ocrx_word' id='word_1_48' title='bbox 230 1288 410 1347; x_wconf 84' lang='lat' dir='ltr'>Substiterat:</span> <span class='ocrx_word' id='word_1_49' title='bbox 433 1288 527 1380; x_wconf 82' lang='lat' dir='ltr'>subito</span> <span class='ocrx_word' id='word_1_50' title='bbox 538 1298 695 1366; x_wconf 86' lang='lat' dir='ltr'>erumpunt</span> <span class='ocrx_word' id='word_1_51' title='bbox 708 1289 842 1360; x_wconf 82' lang='lat' dir='ltr'>clamore,</span> <span class='ocrx_word' id='word_1_52' title='bbox 862 1288 1028 1348; x_wconf 85' lang='lat' dir='ltr'>frementia·</span> 
     </span>
     <span class='ocr_line' id='line_1_11' title="bbox 346 1409 403 1466; baseline 0 -17"><span class='ocrx_word' id='word_1_53' title='bbox 346 1409 403 1466; x_wconf 90' lang='lat' dir='ltr'>que</span> 
     </span>
    </p>

    <p class='ocr_par' dir='ltr' id='par_1_5' title="bbox 229 1492 1027 3310">
     <span class='ocr_line' id='line_1_12' title="bbox 230 1492 1005 1570; baseline -0.005 -15"><span class='ocrx_word' id='word_1_54' title='bbox 230 1492 424 1555; x_wconf 76' lang='lat' dir='ltr'>Exhortantur</span> <span class='ocrx_word' id='word_1_55' title='bbox 436 1512 538 1570; x_wconf 83' lang='lat' dir='ltr'>equoa3</span> <span class='ocrx_word' id='word_1_56' title='bbox 559 1492 688 1551; x_wconf 89' lang='lat' dir='ltr'>sundunt</span> <span class='ocrx_word' id='word_1_57' title='bbox 699 1494 783 1553; x_wconf 89' lang='lat' dir='ltr'>simul</span> <span class='ocrx_word' id='word_1_58' title='bbox 796 1492 925 1569; x_wconf 89' lang='lat' dir='ltr'>undique</span> <span class='ocrx_word' id='word_1_59' title='bbox 937 1492 1005 1566; x_wconf 84' lang='lat' dir='ltr'>tela,</span> 
     </span>
     <span class='ocr_line' id='line_1_13' title="bbox 230 1594 967 1671; baseline 0.001 -19"><span class='ocrx_word' id='word_1_60' title='bbox 230 1598 335 1653; x_wconf 89' lang='lat' dir='ltr'>Crebra</span> <span class='ocrx_word' id='word_1_61' title='bbox 349 1594 423 1653; x_wconf 84' lang='lat' dir='ltr'>nivis</span> <span class='ocrx_word' id='word_1_62' title='bbox 436 1595 503 1663; x_wconf 85' lang='lat' dir='ltr'>ritu,</span> <span class='ocrx_word' id='word_1_63' title='bbox 523 1596 685 1671; x_wconf 76' lang='lat' dir='ltr'>coelumque</span> <span class='ocrx_word' id='word_1_64' title='bbox 697 1595 845 1655; x_wconf 77' lang='lat' dir='ltr'>obtexitur</span> <span class='ocrx_word' id='word_1_65' title='bbox 856 1596 967 1654; x_wconf 81' lang='lat' dir='ltr'>umbri.</span> 
     </span>
     <span class='ocr_line' id='line_1_14' title="bbox 230 1696 972 1774; baseline 0 -19"><span class='ocrx_word' id='word_1_66' title='bbox 230 1696 377 1755; x_wconf 86' lang='lat' dir='ltr'>Continuo</span> <span class='ocrx_word' id='word_1_67' title='bbox 389 1698 509 1755; x_wconf 81' lang='lat' dir='ltr'>adversis</span> <span class='ocrx_word' id='word_1_68' title='bbox 519 1697 685 1774; x_wconf 76' lang='lat' dir='ltr'>Tyrrhenus</span> <span class='ocrx_word' id='word_1_69' title='bbox 697 1708 728 1755; x_wconf 89' lang='lat' dir='ltr'>et</span> <span class='ocrx_word' id='word_1_70' title='bbox 739 1716 804 1757; x_wconf 88' lang='lat' dir='ltr'>auer</span> <span class='ocrx_word' id='word_1_71' title='bbox 815 1699 972 1766; x_wconf 83' lang='lat' dir='ltr'>Aconteua,</span> 
     </span>
     <span class='ocr_line' id='line_1_15' title="bbox 230 1797 935 1877; baseline 0 -20"><span class='ocrx_word' id='word_1_72' title='bbox 230 1798 366 1867; x_wconf 84' lang='lat' dir='ltr'>Connixi,</span> <span class='ocrx_word' id='word_1_73' title='bbox 385 1799 534 1857; x_wconf 92' lang='lat' dir='ltr'>incurrunt</span> <span class='ocrx_word' id='word_1_74' title='bbox 547 1799 645 1871; x_wconf 73' lang='lat' dir='ltr'>hasiis5</span> <span class='ocrx_word' id='word_1_75' title='bbox 666 1797 808 1877; x_wconf 86' lang='lat' dir='ltr'>primique</span> <span class='ocrx_word' id='word_1_76' title='bbox 821 1800 935 1857; x_wconf 88' lang='lat' dir='ltr'>ruinam</span> 
     </span>
     <span class='ocr_line' id='line_1_16' title="bbox 230 1901 1027 1980; baseline 0.003 -19"><span class='ocrx_word' id='word_1_77' title='bbox 230 1902 310 1961; x_wconf 87' lang='lat' dir='ltr'>Dant</span> <span class='ocrx_word' id='word_1_78' title='bbox 318 1901 412 1962; x_wconf 92' lang='lat' dir='ltr'>sonitu</span> <span class='ocrx_word' id='word_1_79' title='bbox 420 1902 542 1980; x_wconf 79' lang='lat' dir='ltr'>ingenti,</span> <span class='ocrx_word' id='word_1_80' title='bbox 552 1901 748 1980; x_wconf 73' lang='lat' dir='ltr'>perfractaque</span> <span class='ocrx_word' id='word_1_81' title='bbox 756 1902 1027 1980; x_wconf 79' lang='lat' dir='ltr'>quadrupedantum</span> 
     </span>
     <span class='ocr_line' id='line_1_17' title="bbox 230 2006 1026 2084; baseline 0 -20"><span class='ocrx_word' id='word_1_82' title='bbox 230 2007 344 2065; x_wconf 66' lang='lat' dir='ltr'>Pectora</span> <span class='ocrx_word' id='word_1_83' title='bbox 358 2007 518 2084; x_wconf 71' lang='lat' dir='ltr'>pectoribus</span> <span class='ocrx_word' id='word_1_84' title='bbox 534 2016 682 2083; x_wconf 89' lang='lat' dir='ltr'>rumpunt.</span> <span class='ocrx_word' id='word_1_85' title='bbox 721 2006 857 2064; x_wconf 80' lang='lat' dir='ltr'>Excuii&#39;ua</span> <span class='ocrx_word' id='word_1_86' title='bbox 868 2008 1026 2078; x_wconf 79' lang='lat' dir='ltr'>Aconteus,</span> 
     </span>
     <span class='ocr_line' id='line_1_18' title="bbox 229 2109 995 2186; baseline 0 -18"><span class='ocrx_word' id='word_1_87' title='bbox 229 2109 371 2168; x_wconf 83' lang='lat' dir='ltr'>Fulminis</span> <span class='ocrx_word' id='word_1_88' title='bbox 386 2109 416 2168; x_wconf 92' lang='lat' dir='ltr'>in</span> <span class='ocrx_word' id='word_1_89' title='bbox 429 2128 547 2179; x_wconf 88' lang='lat' dir='ltr'>morem,</span> <span class='ocrx_word' id='word_1_90' title='bbox 568 2119 618 2168; x_wconf 85' lang='lat' dir='ltr'>aut</span> <span class='ocrx_word' id='word_1_91' title='bbox 631 2119 774 2166; x_wconf 88' lang='lat' dir='ltr'>tormento</span> <span class='ocrx_word' id='word_1_92' title='bbox 785 2109 916 2186; x_wconf 75' lang='lat' dir='ltr'>ponderis</span> <span class='ocrx_word' id='word_1_93' title='bbox 928 2109 995 2180; x_wconf 73' lang='lat' dir='ltr'>adi,</span> 
     </span>
     <span class='ocr_line' id='line_1_19' title="bbox 230 2210 946 2289; baseline 0.001 -19"><span class='ocrx_word' id='word_1_94' title='bbox 230 2213 391 2289; x_wconf 80' lang='lat' dir='ltr'>Praecipitat</span> <span class='ocrx_word' id='word_1_95' title='bbox 403 2212 499 2288; x_wconf 88' lang='lat' dir='ltr'>longe,</span> <span class='ocrx_word' id='word_1_96' title='bbox 519 2221 549 2268; x_wconf 90' lang='lat' dir='ltr'>et</span> <span class='ocrx_word' id='word_1_97' title='bbox 561 2210 651 2270; x_wconf 85' lang='lat' dir='ltr'>vitam</span> <span class='ocrx_word' id='word_1_98' title='bbox 662 2210 798 2288; x_wconf 82' lang='lat' dir='ltr'>dispergit</span> <span class='ocrx_word' id='word_1_99' title='bbox 810 2211 842 2270; x_wconf 91' lang='lat' dir='ltr'>in</span> <span class='ocrx_word' id='word_1_100' title='bbox 855 2230 946 2271; x_wconf 87' lang='lat' dir='ltr'>auraa.</span> 
     </span>
     <span class='ocr_line' id='line_1_20' title="bbox 230 2311 871 2389; baseline -0.002 -18"><span class='ocrx_word' id='word_1_101' title='bbox 230 2314 383 2389; x_wconf 81' lang='lat' dir='ltr'>Extemplo</span> <span class='ocrx_word' id='word_1_102' title='bbox 396 2314 518 2370; x_wconf 82' lang='lat' dir='ltr'>turbatae</span> <span class='ocrx_word' id='word_1_103' title='bbox 530 2311 614 2380; x_wconf 65' lang='lat' dir='ltr'>acies,</span> <span class='ocrx_word' id='word_1_104' title='bbox 633 2313 760 2388; x_wconf 87' lang='lat' dir='ltr'>verfique</span> <span class='ocrx_word' id='word_1_105' title='bbox 773 2312 871 2370; x_wconf 90' lang='lat' dir='ltr'>Latini</span> 
     </span>
     <span class='ocr_line' id='line_1_21' title="bbox 230 2413 960 2490; baseline 0.004 -17"><span class='ocrx_word' id='word_1_106' title='bbox 230 2413 375 2490; x_wconf 84' lang='lat' dir='ltr'>Rejiciunt</span> <span class='ocrx_word' id='word_1_107' title='bbox 387 2432 507 2489; x_wconf 85' lang='lat' dir='ltr'>parmas,</span> <span class='ocrx_word' id='word_1_108' title='bbox 526 2422 555 2470; x_wconf 92' lang='lat' dir='ltr'>et</span> <span class='ocrx_word' id='word_1_109' title='bbox 568 2433 657 2488; x_wconf 80' lang='lat' dir='ltr'>equos</span> <span class='ocrx_word' id='word_1_110' title='bbox 668 2415 705 2472; x_wconf 88' lang='lat' dir='ltr'>ad</span> <span class='ocrx_word' id='word_1_111' title='bbox 717 2414 823 2474; x_wconf 84' lang='lat' dir='ltr'>moenia</span> <span class='ocrx_word' id='word_1_112' title='bbox 836 2424 960 2476; x_wconf 86' lang='lat' dir='ltr'>vertunt.</span> 
     </span>
     <span class='ocr_line' id='line_1_22' title="bbox 230 2514 957 2594; baseline 0.001 -18"><span class='ocrx_word' id='word_1_113' title='bbox 230 2518 318 2578; x_wconf 71' lang='lat' dir='ltr'>Trois</span> <span class='ocrx_word' id='word_1_114' title='bbox 331 2523 435 2592; x_wconf 86' lang='lat' dir='ltr'>agunt:</span> <span class='ocrx_word' id='word_1_115' title='bbox 457 2514 587 2590; x_wconf 81' lang='lat' dir='ltr'>princeps</span> <span class='ocrx_word' id='word_1_116' title='bbox 602 2523 710 2574; x_wconf 82' lang='lat' dir='ltr'>turmas</span> <span class='ocrx_word' id='word_1_117' title='bbox 722 2516 835 2576; x_wconf 84' lang='lat' dir='ltr'>inducit</span> <span class='ocrx_word' id='word_1_118' title='bbox 847 2517 957 2594; x_wconf 83' lang='lat' dir='ltr'>Asylaa.</span> 
     </span>
     <span class='ocr_line' id='line_1_23' title="bbox 230 2616 986 2700; baseline 0.001 -22"><span class='ocrx_word' id='word_1_119' title='bbox 230 2622 353 2700; x_wconf 86' lang='lat' dir='ltr'>Jamque</span> <span class='ocrx_word' id='word_1_120' title='bbox 365 2616 594 2695; x_wconf 86' lang='lat' dir='ltr'>propinquabant</span> <span class='ocrx_word' id='word_1_121' title='bbox 605 2617 704 2693; x_wconf 89' lang='lat' dir='ltr'>portia,</span> <span class='ocrx_word' id='word_1_122' title='bbox 724 2618 876 2696; x_wconf 84' lang='lat' dir='ltr'>rursusque</span> <span class='ocrx_word' id='word_1_123' title='bbox 889 2620 986 2680; x_wconf 87' lang='lat' dir='ltr'>Latini</span> 
     </span>
     <span class='ocr_line' id='line_1_24' title="bbox 231 2720 949 2796; baseline 0 -14"><span class='ocrx_word' id='word_1_124' title='bbox 231 2724 395 2782; x_wconf 85' lang='lat' dir='ltr'>Clamorem</span> <span class='ocrx_word' id='word_1_125' title='bbox 408 2720 522 2790; x_wconf 87' lang='lat' dir='ltr'>tollunt,</span> <span class='ocrx_word' id='word_1_126' title='bbox 542 2729 572 2776; x_wconf 90' lang='lat' dir='ltr'>et</span> <span class='ocrx_word' id='word_1_127' title='bbox 585 2720 684 2778; x_wconf 82' lang='lat' dir='ltr'>mollia</span> <span class='ocrx_word' id='word_1_128' title='bbox 696 2721 770 2780; x_wconf 88' lang='lat' dir='ltr'>colla</span> <span class='ocrx_word' id='word_1_129' title='bbox 782 2723 949 2796; x_wconf 69' lang='lat' dir='ltr'>reflectuut5</span> 
     </span>
     <span class='ocr_line' id='line_1_25' title="bbox 231 2823 1009 2904; baseline 0 -18"><span class='ocrx_word' id='word_1_130' title='bbox 231 2827 274 2886; x_wconf 88' lang='lat' dir='ltr'>Hi</span> <span class='ocrx_word' id='word_1_131' title='bbox 287 2825 413 2904; x_wconf 83' lang='lat' dir='ltr'>fugiunt,</span> <span class='ocrx_word' id='word_1_132' title='bbox 434 2823 602 2900; x_wconf 87' lang='lat' dir='ltr'>penitusque</span> <span class='ocrx_word' id='word_1_133' title='bbox 615 2823 689 2880; x_wconf 80' lang='lat' dir='ltr'>datia</span> <span class='ocrx_word' id='word_1_134' title='bbox 701 2825 865 2884; x_wconf 87' lang='lat' dir='ltr'>reseruntur</span> <span class='ocrx_word' id='word_1_135' title='bbox 877 2827 1009 2886; x_wconf 76' lang='lat' dir='ltr'>habeniar</span> 
     </span>
     <span class='ocr_line' id='line_1_26' title="bbox 233 2926 976 3006; baseline 0.001 -18"><span class='ocrx_word' id='word_1_136' title='bbox 233 2930 336 2988; x_wconf 69' lang='lat' dir='ltr'>omlis</span> <span class='ocrx_word' id='word_1_137' title='bbox 349 2928 409 2998; x_wconf 89' lang='lat' dir='ltr'>ubi,</span> <span class='ocrx_word' id='word_1_138' title='bbox 429 2926 537 2986; x_wconf 86' lang='lat' dir='ltr'>alterno</span> <span class='ocrx_word' id='word_1_139' title='bbox 549 2943 715 3001; x_wconf 87' lang='lat' dir='ltr'>procurrens</span> <span class='ocrx_word' id='word_1_140' title='bbox 728 2927 853 3003; x_wconf 78' lang='lat' dir='ltr'>gurgite,</span> <span class='ocrx_word' id='word_1_141' title='bbox 871 2939 976 3006; x_wconf 77' lang='lat' dir='ltr'>pontus</span> 
     </span>
     <span class='ocr_line' id='line_1_27' title="bbox 232 3025 1025 3106; baseline 0 -14"><span class='ocrx_word' id='word_1_142' title='bbox 232 3032 320 3092; x_wconf 90' lang='lat' dir='ltr'>Nunc</span> <span class='ocrx_word' id='word_1_143' title='bbox 334 3031 393 3090; x_wconf 89' lang='lat' dir='ltr'>ruit</span> <span class='ocrx_word' id='word_1_144' title='bbox 402 3030 439 3088; x_wconf 91' lang='lat' dir='ltr'>ad</span> <span class='ocrx_word' id='word_1_145' title='bbox 451 3040 546 3098; x_wconf 86' lang='lat' dir='ltr'>terras,</span> <span class='ocrx_word' id='word_1_146' title='bbox 560 3025 744 3103; x_wconf 77' lang='lat' dir='ltr'>scopulusque</span> <span class='ocrx_word' id='word_1_147' title='bbox 757 3027 907 3106; x_wconf 77' lang='lat' dir='ltr'>superjacit</span> <span class='ocrx_word' id='word_1_148' title='bbox 917 3033 1025 3092; x_wconf 81' lang='lat' dir='ltr'>undam</span> 
     </span>
     <span class='ocr_line' id='line_1_28' title="bbox 234 3127 991 3208; baseline 0.003 -18"><span class='ocrx_word' id='word_1_149' title='bbox 234 3134 380 3208; x_wconf 84' lang='lat' dir='ltr'>Spumeus,</span> <span class='ocrx_word' id='word_1_150' title='bbox 400 3140 614 3206; x_wconf 84' lang='lat' dir='ltr'>extremamque</span> <span class='ocrx_word' id='word_1_151' title='bbox 626 3127 688 3186; x_wconf 86' lang='lat' dir='ltr'>finu</span> <span class='ocrx_word' id='word_1_152' title='bbox 700 3129 849 3204; x_wconf 87' lang='lat' dir='ltr'>perfundit</span> <span class='ocrx_word' id='word_1_153' title='bbox 861 3151 976 3192; x_wconf 87' lang='lat' dir='ltr'>arenam</span> <span class='ocrx_word' id='word_1_154' title='bbox 980 3158 991 3205; x_wconf 67' lang='grc' dir='ltr'><strong>ς</strong></span> 
     </span>
     <span class='ocr_line' id='line_1_29' title="bbox 233 3230 1025 3310; baseline 0.004 -18"><span class='ocrx_word' id='word_1_155' title='bbox 233 3234 321 3292; x_wconf 90' lang='lat' dir='ltr'>Nunc</span> <span class='ocrx_word' id='word_1_156' title='bbox 333 3233 447 3310; x_wconf 87' lang='lat' dir='ltr'>rapidus</span> <span class='ocrx_word' id='word_1_157' title='bbox 460 3241 543 3304; x_wconf 89' lang='lat' dir='ltr'>retro,</span> <span class='ocrx_word' id='word_1_158' title='bbox 563 3240 649 3308; x_wconf 90' lang='lat' dir='ltr'>atque</span> <span class='ocrx_word' id='word_1_159' title='bbox 663 3230 732 3288; x_wconf 85' lang='lat' dir='ltr'>aestu</span> <span class='ocrx_word' id='word_1_160' title='bbox 743 3233 869 3293; x_wconf 87' lang='lat' dir='ltr'>revoluta</span> <span class='ocrx_word' id='word_1_161' title='bbox 880 3236 1025 3296; x_wconf 78' lang='lat' dir='ltr'>resorbens</span> 
     </span>
    </p>
   </div>
   <div class='ocr_carea' id='block_1_3' title="bbox 1037 3313 1153 3407">
    <p class='ocr_par' dir='ltr' id='par_1_6' title="bbox 1037 3313 1153 3407">
     <span class='ocr_line' id='line_1_30' title="bbox 1037 3313 1153 3407; baseline 0.017 -25"><span class='ocrx_word' id='word_1_162' title='bbox 1037 3313 1153 3407; x_wconf 33' lang='lat' dir='ltr'>N«.</span> 
     </span>
    </p>
   </div>
   <div class='ocr_carea' id='block_1_4' title="bbox 0 0 1260 3875">
    <p class='ocr_par' dir='ltr' id='par_1_7' title="bbox 0 0 1260 3875">
     <span class='ocr_line' id='line_1_31' title="bbox 0 0 1260 3875; baseline 0 0"><span class='ocrx_word' id='word_1_163' title='bbox 0 0 1260 3875; x_wconf 95' lang='lat' dir='ltr'> </span> 
     </span>
    </p>
   </div>
  </div>
 </body>
</html>
