2509 3875
251 308 291 383 96
510 307 789 379 AENEIDOS,
937 315 1050 381 v:859.

250 463 406 540 Tertiaque
419 483 496 522 arma
509 464 585 542 patri
597 464 750 540 suspendet
763 469 845 541 capta
860 463 996 524 Quirino.

288 570 389 645 Atque
400 568 449 626 hic
461 569 578 636 AEneas,
598 567 656 624 un'a
669 586 792 643 namque
804 567 846 624 ire
858 567 974 626 videbat

251 672 408 749 Egregium
421 671 513 728 sormi
522 670 658 747 juvenem
672 680 701 727 et
714 671 893 747 fulgentibus
905 671 999 741 armis,

251 776 305 833 Sed
318 775 395 832 frou's
407 775 473 832 laeta
485 793 595 850 parum,
615 782 645 830 et
658 773 765 850 dejecto
778 773 887 830 lumina
900 774 994 832 voltu:

251 879 334 947 uuis,
348 887 438 954 pater,
451 876 511 944 ille,
523 877 617 934 virum
630 876 680 952 qui
694 877 732 933 src
745 876 898 934 comitatur
908 881 1044 938 euntem?

250 981 355 1038 Filius?
376 999 451 1037 anne
464 979 566 1054 aliquis
578 979 684 1056 magni
697 979 732 1036 de
745 979 829 1055 stirpe
842 983 995 1056 nepotum?
1053 1053 1055 1060 Α

250 1083 313 1142 Qui
331 1083 460 1165 strepitus
480 1082 554 1140 circa
572 1081 727 1140 comitum!
750 1093 889 1158 quantum
906 1083 993 1142 instar
1012 1085 1044 1142 in

322 1184 384 1262 ipso
401 1185 453 1244 est!

248 1290 302 1346 Sed
317 1290 387 1346 Nox
399 1298 460 1346 atra
473 1298 558 1365 caput
571 1287 642 1345 tristi
655 1287 841 1346 circumvolat
853 1290 963 1349 umbri.

285 1393 364 1449 Turn
374 1401 456 1468 pater
468 1391 617 1460 Anchises,
631 1390 755 1448 lacrimis
768 1392 905 1468 ingreffus
917 1393 1038 1454 obortis:

245 1495 274 1554 0
287 1495 372 1553 natel-
388 1495 538 1571 ingentem
550 1495 659 1552 luctum
673 1513 709 1550 ne
722 1513 817 1569 quaere
830 1504 945 1554 tuorum
950 1522 959 1568 5

246 1599 405 1657 Ostendent
418 1598 499 1656 terris
511 1598 588 1655 hunc
602 1605 717 1654 tantum
731 1597 799 1665 fata,
820 1617 912 1674 neque
925 1599 1001 1658 ultra

245 1701 308 1760 Effe
320 1702 422 1760 fiuent.
461 1699 688 1775 Nimiumvobis
703 1700 829 1757 Romana
842 1719 968 1778 propago

243 1805 312 1863 Visa
325 1814 433 1882 potens,
454 1804 562 1881 Superi,
575 1803 687 1880 propria
703 1802 764 1859 haec
777 1802 798 1858 fi
811 1803 885 1860 dona
898 1803 1024 1868 fuissent.

244 1910 376 1971 Quantos
387 1909 438 1968 ille
450 1909 544 1968 vinlm
556 1925 693 1984 maguam
706 1905 845 1977 Mavortis
858 1907 894 1964 ad
906 1908 1009 1965 urbem

243 2015 369 2091 Campus
382 2023 447 2091 aget
460 2012 597 2089 gemitus!
619 2010 664 2069 vel
677 2028 750 2085 quae,
768 2009 914 2080 Tiberine,
927 2010 1039 2071 videbis

241 2116 361 2192 Funera,
381 2135 472 2191 quum
488 2115 633 2172 tumulum
645 2112 841 2189 praeterlabere
852 2115 1008 2172 recentem!

240 2220 305 2275 Nec
317 2236 388 2293 puer
399 2217 488 2275 Iliaci
500 2217 651 2293 quisquam
664 2216 699 2273 de
712 2226 798 2292 gente
811 2216 928 2273 Latinos

240 2322 275 2377 In
288 2329 403 2378 tantum
416 2318 464 2395 spe
477 2319 560 2376 tollet
573 2338 653 2390 avos,
675 2314 729 2377 n'ec
742 2319 864 2377 Romula
877 2321 1022 2395 quondam

239 2422 310 2479 Ullo
322 2421 351 2478 se
364 2430 478 2478 tantum
490 2422 573 2479 tellus
582 2420 703 2497 jactabit
714 2424 840 2480 alumno.

238 2524 320 2583 Heul
341 2524 442 2601 pietas,
461 2524 532 2581 heul
553 2523 644 2600 prisca
661 2524 740 2594 fides
759 2504 922 2601 invictaque
940 2527 1015 2587 bello

239 2628 378 2687 Denteral
400 2646 458 2683 non
470 2626 514 2683 illi
527 2626 557 2683 se
569 2627 719 2703 quisquam
732 2614 841 2703 inpune
854 2628 962 2686 tuliffet
1046 2636 1050 2641 '

148 2805 150 2815 ,
238 2730 350 2790 Obvius
363 2738 480 2799 armato,
499 2730 651 2805 seu'quum
663 2732 748 2807 pedes
760 2731 814 2788 iret
827 2731 859 2787 in
871 2706 989 2801 hostem,
1026 2718 1028 2723 ’

238 2836 295 2893 Seu
306 2833 463 2911 spumantis
476 2833 543 2909 equi
556 2834 667 2890 foderet
679 2832 834 2891 calcaribus
848 2852 949 2891 armos.
1067 2858 1071 2866 ·

237 2939 315 3007 Heu,
335 2936 494 2994 miserande
506 2936 595 3011 puer!
617 2936 638 2992 sr
653 2938 709 3011 qui
726 2936 786 2993 fata
799 2936 895 3012 aspera
907 2956 1033 3015 rumpas,

236 3041 285 3097 Tu
297 3040 451 3097 Marcellus
462 3039 526 3097 eris.
566 3039 703 3097 Manibus
717 3040 782 3097 date
793 3040 854 3097 lilia
866 3040 958 3115 plenis
964 3066 972 3111 3
987 3084 988 3087 ,
1042 3048 1045 3055 ’

237 3144 393 3218 Purpureos
404 3130 639 3218 spargam'flores,
659 3142 840 3217 animamque
852 3143 963 3220 nepotis
1042 3151 1046 3159 '

235 3245 296 3312 His,
302 3244 403 3303 saltem
411 3246 599 3318 adcumulem
610 3246 702 3315 donis,
722 3255 752 3303 et
764 3246 870 3322 fungar
882 3246 963 3309 inani
1044 3265 1049 3326 ζ
