2509 3875
289 298 345 365 ιρι
540 286 818 357 AEnnrnos,
994 300 1087 349 ms.

287 446 377 507 Nunc
389 444 485 518 finite3
506 453 536 505 et
548 444 688 525 placitum
699 442 760 501 laeti
771 442 925 520 conponite
938 444 1041 504 soedm.

328 548 532 629 Juppiterhaee
543 548 656 627 paucie;
676 558 708 606 at
717 565 776 606 nou
783 547 881 605 Veuue
892 566 977 607 aurea
986 557 1089 609 eontra

287 655 381 713 Pauca
393 654 494 711 refert:

289 756 420 817 OPuteri
442 755 632 825 ohominum,
649 752 816 829 divomque,
834 762 939 812 eterna
949 756 1086 831 potestas!

289 860 426 937 Namque
439 860 518 919 aliud
531 860 602 936 quid
617 858 661 929 fit,
680 859 758 935 quod
770 856 833 934 jam
843 856 983 937 inplorare
995 879 1087 935 quee-

367 967 446 1023 mus?

290 1066 400 1137 Cernis,
420 1074 454 1125 ut
466 1066 605 1124 insultent
617 1064 720 1123 Rutuli
724 1089 734 1137 3
753 1065 925 1141 Turnusque
938 1065 1047 1123 feratur

291 1170 344 1227 Per
356 1169 465 1227 medios
477 1169 595 1246 infiguis
607 1167 698 1243 equis,
717 1168 900 1244 tumidusque
912 1168 1034 1226 secundo

290 1272 386 1331 Marte
408 1274 489 1331 ruat?
518 1272 589 1331 Non
611 1271 730 1330 claustra
750 1281 863 1349 tegunt,
888 1290 946 1330 nou
968 1270 1090 1342 moenia,

366 1376 506 1449 Teucrum

290 1477 372 1537 Quin
385 1478 461 1537 intra
472 1486 576 1557 portas,
596 1488 683 1557 atque
694 1478 760 1556 iptia
776 1478 875 1555 proelia
888 1479 1008 1539 miscent

288 1581 453 1659 Aggeribus
464 1602 632 1655 moerorum;
653 1591 683 1639 et
694 1582 837 1640 inundant
848 1582 986 1658 sanguine
997 1582 1089 1642 foffae.

290 1684 400 1745 AEneue
412 1686 528 1764 ignarus
541 1686 627 1746 abest.
666 1686 873 1761 Numquamne
884 1685 973 1743 levari

290 1786 447 1847 Obfidione
460 1790 547 1848 sines?
569 1789 658 1847 murii
669 1788 775 1845 iterum
786 1788 910 1845 inminet
923 1788 1008 1847 hostie

290 1894 443 1954 Nascentis
455 1892 562 1973 Trojae3
585 1912 639 1953 nec
652 1912 710 1952 nou
722 1891 864 1950 exereitus
876 1892 956 1961 alter,

291 1999 390 2075 Atque
402 1999 508 2058 iterum
521 1999 552 2056 in
564 1999 689 2056 Teucros
700 1995 810 2054 AEtolie
825 1994 917 2072 surgit
929 1996 965 2052 ab
976 1997 1067 2076 Arpis

289 2103 426 2178 Tydides.
465 2102 617 2178 Equidem,
637 2088 731 2169 credo,
750 2118 814 2157 mea
824 2099 940 2157 volnera
953 2100 1060 2160 restant
1063 2128 1076 2175 3

289 2205 328 2263 Et
340 2215 390 2262 tua
403 2205 552 2281 progenies
564 2203 696 2262 mortalia
708 2203 839 2260 demoror
850 2202 942 2261 arma!

289 2307 319 2365 Si
332 2307 391 2364 fine
403 2325 473 2382 pace
486 2303 545 2376 tut,
566 2317 654 2382 atque
665 2305 758 2363 invito
770 2305 899 2374 numine,
911 2307 1001 2365 Troes

290 2408 406 2467 Italiam
418 2408 526 2484 petiere
532 2433 541 2479 3
561 2409 643 2468 luant
655 2418 780 2486 poetata,
800 2428 894 2485 neque
905 2410 970 2468 illus

290 2510 402 2589 Juven'e
414 2511 536 2570 auxilio:
558 2512 609 2583 fin,
630 2521 675 2570 tot
685 2512 815 2589 responsa
826 2513 930 2584 secuti*

169 2693 172 2702 y
291 2614 369 2672 Quae
380 2613 479 2691 Superi
490 2614 650 2692 Manesque
662 2616 778 2685 dabant,
792 2635 844 2674 cur
854 2635 934 2674 nunc
946 2624 997 2674 tua
1009 2619 1094 2695 quis-

366 2736 454 2795 quam

290 2821 409 2882 Vertere
417 2820 489 2898 jutia
502 2823 609 2898 potest?
629 2832 681 2881 aut
694 2841 746 2881 cur
757 2841 831 2886 nova
844 2824 965 2881 condere
977 2823 1059 2885 fata?

290 2925 372 2985 Quid
386 2937 513 3002 repetam
525 2927 636 2985 exustae
648 2927 771 3003 Erycino
783 2926 814 2984 in
830 2927 914 2984 litore
925 2927 1035 2988 claffis?

290 3029 373 3088 Quid
387 3029 585 3106 tempestatum
598 3049 707 3107 regem,
720 3040 874 3107 ventosque
886 3029 1009 3088 furentis

280 3133 389 3202 ,AEotia
401 3133 525 3191 excitos?
546 3143 597 3192 aut
609 3134 702 3192 adium
715 3133 839 3192 nubibus
850 3135 938 3192 Irim?

289 3233 378 3292 Nunc
390 3237 477 3295 etiarn
491 3237 588 3296 Manis
601 3237 677 3316 (hec
689 3237 831 3296 intentata
842 3239 977 3296 manebat
1087 3253 1091 3261 ·
