<?xml version="1.0" encoding="UTF-8"?>
<!DOCTYPE html PUBLIC "-//W3C//DTD XHTML 1.0 Transitional//EN"
    "http://www.w3.org/TR/xhtml1/DTD/xhtml1-transitional.dtd">
<html xmlns="http://www.w3.org/1999/xhtml" xml:lang="en" lang="en">
 <head>
  <title>
</title>
<meta http-equiv="Content-Type" content="text/html;charset=utf-8" />
  <meta name='ocr-system' content='tesseract 3.04.00' />
  <meta name='ocr-capabilities' content='ocr_page ocr_carea ocr_par ocr_line ocrx_word'/>
</head>
<body>
  <div class='ocr_page' id='page_1' title='image "./pvirgiliimaroni01wakegoog/pvirgiliimaroni01wakegoog_0251.png"; bbox 0 0 2509 3875; ppageno 0'>
   <div class='ocr_carea' id='block_1_1' title="bbox 223 214 1021 297">
    <p class='ocr_par' dir='ltr' id='par_1_1' title="bbox 223 214 1021 297">
     <span class='ocr_line' id='line_1_1' title="bbox 223 214 1021 297; baseline 0.005 -14"><span class='ocrx_word' id='word_1_1' title='bbox 223 241 251 283; x_wconf 83' lang='lat' dir='ltr'>v.</span> <span class='ocrx_word' id='word_1_2' title='bbox 262 230 330 283; x_wconf 82' lang='lat' dir='ltr'>asa.</span> <span class='ocrx_word' id='word_1_3' title='bbox 530 214 630 286; x_wconf 74' lang='grc' dir='ltr'>ΜΒ.</span> <span class='ocrx_word' id='word_1_4' title='bbox 668 228 750 286; x_wconf 68' lang='grc' dir='ltr'>Χῖ..</span> <span class='ocrx_word' id='word_1_5' title='bbox 954 234 1021 297; x_wconf 76' lang='lat' dir='ltr'>aaa</span> 
     </span>
    </p>
   </div>
   <div class='ocr_carea' id='block_1_2' title="bbox 161 378 1026 3224">
    <p class='ocr_par' dir='ltr' id='par_1_2' title="bbox 261 378 871 460">
     <span class='ocr_line' id='line_1_2' title="bbox 261 378 871 460; baseline 0.008 -23"><span class='ocrx_word' id='word_1_6' title='bbox 261 379 292 438; x_wconf 95' lang='grc' dir='ltr'>Ο</span> <span class='ocrx_word' id='word_1_7' title='bbox 305 378 458 439; x_wconf 79' lang='lat' dir='ltr'>fortunatae</span> <span class='ocrx_word' id='word_1_8' title='bbox 471 384 586 459; x_wconf 82' lang='lat' dir='ltr'>gentes!</span> <span class='ocrx_word' id='word_1_9' title='bbox 608 383 740 441; x_wconf 85' lang='lat' dir='ltr'>Saturnia</span> <span class='ocrx_word' id='word_1_10' title='bbox 752 400 851 460; x_wconf 79' lang='lat' dir='ltr'>regna,</span> <span class='ocrx_word' id='word_1_11' title='bbox 867 385 871 393; x_wconf 85' lang='grc'><strong><em>’</em></strong></span> 
     </span>
    </p>

    <p class='ocr_par' dir='ltr' id='par_1_3' title="bbox 223 482 991 766">
     <span class='ocr_line' id='line_1_3' title="bbox 223 482 991 562; baseline -0.001 -19"><span class='ocrx_word' id='word_1_12' title='bbox 223 482 351 559; x_wconf 87' lang='lat' dir='ltr'>Antiqui</span> <span class='ocrx_word' id='word_1_13' title='bbox 363 484 486 543; x_wconf 86' lang='lat' dir='ltr'>Ausonii</span> <span class='ocrx_word' id='word_1_14' title='bbox 490 510 500 557; x_wconf 81' lang='lat'>3</span> <span class='ocrx_word' id='word_1_15' title='bbox 521 506 586 562; x_wconf 89' lang='lat' dir='ltr'>quae</span> <span class='ocrx_word' id='word_1_16' title='bbox 598 506 648 544; x_wconf 87' lang='lat' dir='ltr'>vos</span> <span class='ocrx_word' id='word_1_17' title='bbox 659 487 775 545; x_wconf 83' lang='lat' dir='ltr'>fortuna</span> <span class='ocrx_word' id='word_1_18' title='bbox 789 485 901 562; x_wconf 81' lang='lat' dir='ltr'>quietos</span> <span class='ocrx_word' id='word_1_19' title='bbox 988 543 991 554; x_wconf 65' lang='lat'><em>‚</em></span> 
     </span>
     <span class='ocr_line' id='line_1_4' title="bbox 224 584 906 665; baseline 0.003 -23"><span class='ocrx_word' id='word_1_20' title='bbox 224 585 373 654; x_wconf 87' lang='lat' dir='ltr'>Sollicitat,</span> <span class='ocrx_word' id='word_1_21' title='bbox 393 584 548 663; x_wconf 86' lang='lat' dir='ltr'>suadetque</span> <span class='ocrx_word' id='word_1_22' title='bbox 560 589 660 665; x_wconf 87' lang='lat' dir='ltr'>ignota</span> <span class='ocrx_word' id='word_1_23' title='bbox 672 588 802 647; x_wconf 78' lang='lat' dir='ltr'>lacefl&#39;ere</span> <span class='ocrx_word' id='word_1_24' title='bbox 815 587 906 645; x_wconf 81' lang='lat' dir='ltr'>bella?</span> 
     </span>
     <span class='ocr_line' id='line_1_5' title="bbox 225 688 900 766; baseline 0 -19"><span class='ocrx_word' id='word_1_25' title='bbox 225 688 411 763; x_wconf 76' lang='lat' dir='ltr'>Quicumque</span> <span class='ocrx_word' id='word_1_26' title='bbox 424 689 527 749; x_wconf 82' lang='lat' dir='ltr'>Iliacos</span> <span class='ocrx_word' id='word_1_27' title='bbox 540 691 615 749; x_wconf 86' lang='lat' dir='ltr'>ferro</span> <span class='ocrx_word' id='word_1_28' title='bbox 628 690 797 749; x_wconf 82' lang='lat' dir='ltr'>violavimus</span> <span class='ocrx_word' id='word_1_29' title='bbox 809 708 900 766; x_wconf 82' lang='lat' dir='ltr'>agros,</span> 
     </span>
    </p>

    <p class='ocr_par' dir='ltr' id='par_1_4' title="bbox 161 792 1023 2202">
     <span class='ocr_line' id='line_1_6' title="bbox 224 792 1020 869; baseline 0.003 -20"><span class='ocrx_word' id='word_1_30' title='bbox 224 792 329 867; x_wconf 83' lang='lat' dir='ltr'><strong>(Mitto</strong></span> <span class='ocrx_word' id='word_1_31' title='bbox 341 811 385 862; x_wconf 87' lang='lat' dir='ltr'>ea,</span> <span class='ocrx_word' id='word_1_32' title='bbox 404 812 468 869; x_wconf 79' lang='lat' dir='ltr'>quae</span> <span class='ocrx_word' id='word_1_33' title='bbox 481 795 570 853; x_wconf 87' lang='lat' dir='ltr'>muris</span> <span class='ocrx_word' id='word_1_34' title='bbox 587 794 721 852; x_wconf 89' lang='lat' dir='ltr'>bellando</span> <span class='ocrx_word' id='word_1_35' title='bbox 733 794 869 852; x_wconf 82' lang='lat' dir='ltr'>exhausta</span> <span class='ocrx_word' id='word_1_36' title='bbox 880 793 933 850; x_wconf 87' lang='lat' dir='ltr'>sub</span> <span class='ocrx_word' id='word_1_37' title='bbox 946 792 1020 863; x_wconf 78' lang='lat' dir='ltr'>altis,</span> 
     </span>
     <span class='ocr_line' id='line_1_7' title="bbox 224 894 1021 973; baseline 0.001 -20"><span class='ocrx_word' id='word_1_38' title='bbox 224 894 307 953; x_wconf 77' lang='lat' dir='ltr'>Quos</span> <span class='ocrx_word' id='word_1_39' title='bbox 321 894 423 952; x_wconf 85' lang='lat' dir='ltr'>Simois</span> <span class='ocrx_word' id='word_1_40' title='bbox 437 905 549 971; x_wconf 88' lang='lat' dir='ltr'>premat</span> <span class='ocrx_word' id='word_1_41' title='bbox 560 897 609 955; x_wconf 87' lang='lat' dir='ltr'>ille</span> <span class='ocrx_word' id='word_1_42' title='bbox 621 898 709 970; x_wconf 85' lang='lat' dir='ltr'>viros)</span> <span class='ocrx_word' id='word_1_43' title='bbox 728 896 846 954; x_wconf 86' lang='lat' dir='ltr'>infanda</span> <span class='ocrx_word' id='word_1_44' title='bbox 858 914 910 973; x_wconf 87' lang='lat' dir='ltr'>per</span> <span class='ocrx_word' id='word_1_45' title='bbox 921 898 1021 954; x_wconf 86' lang='lat' dir='ltr'>orbem</span> 
     </span>
     <span class='ocr_line' id='line_1_8' title="bbox 223 998 1002 1078; baseline 0 -21"><span class='ocrx_word' id='word_1_46' title='bbox 223 998 377 1075; x_wconf 85' lang='lat' dir='ltr'>Supplicia,</span> <span class='ocrx_word' id='word_1_47' title='bbox 397 1008 427 1059; x_wconf 91' lang='lat' dir='ltr'>et</span> <span class='ocrx_word' id='word_1_48' title='bbox 440 999 576 1058; x_wconf 87' lang='lat' dir='ltr'>scelerum</span> <span class='ocrx_word' id='word_1_49' title='bbox 588 1019 686 1077; x_wconf 87' lang='lat' dir='ltr'>poenas</span> <span class='ocrx_word' id='word_1_50' title='bbox 699 1000 886 1078; x_wconf 85' lang='lat' dir='ltr'>expendimus</span> <span class='ocrx_word' id='word_1_51' title='bbox 898 998 1002 1068; x_wconf 88' lang='lat' dir='ltr'>omnis,</span> 
     </span>
     <span class='ocr_line' id='line_1_9' title="bbox 223 1100 1023 1174; baseline 0 -16"><span class='ocrx_word' id='word_1_52' title='bbox 223 1101 280 1159; x_wconf 89' lang='lat' dir='ltr'>Vel</span> <span class='ocrx_word' id='word_1_53' title='bbox 293 1100 405 1159; x_wconf 89' lang='lat' dir='ltr'>Priamo</span> <span class='ocrx_word' id='word_1_54' title='bbox 417 1101 576 1161; x_wconf 89' lang='lat' dir='ltr'>miseranda</span> <span class='ocrx_word' id='word_1_55' title='bbox 588 1121 699 1161; x_wconf 89' lang='lat' dir='ltr'>manus.</span> <span class='ocrx_word' id='word_1_56' title='bbox 721 1103 781 1159; x_wconf 89' lang='lat' dir='ltr'>Scit</span> <span class='ocrx_word' id='word_1_57' title='bbox 794 1102 872 1159; x_wconf 85' lang='lat' dir='ltr'>triste</span> <span class='ocrx_word' id='word_1_58' title='bbox 882 1101 1023 1174; x_wconf 71' lang='lat' dir='ltr'>Minerua,</span> 
     </span>
     <span class='ocr_line' id='line_1_10' title="bbox 225 1203 972 1281; baseline 0.007 -21"><span class='ocrx_word' id='word_1_59' title='bbox 225 1203 316 1272; x_wconf 85' lang='lat' dir='ltr'>Sidus,</span> <span class='ocrx_word' id='word_1_60' title='bbox 336 1213 366 1261; x_wconf 92' lang='lat' dir='ltr'>et</span> <span class='ocrx_word' id='word_1_61' title='bbox 379 1204 515 1263; x_wconf 74' lang='lat' dir='ltr'>Euboica.</span> <span class='ocrx_word' id='word_1_62' title='bbox 528 1214 634 1273; x_wconf 89' lang='lat' dir='ltr'>cautes,</span> <span class='ocrx_word' id='word_1_63' title='bbox 653 1206 786 1280; x_wconf 88' lang='lat' dir='ltr'>ultorque</span> <span class='ocrx_word' id='word_1_64' title='bbox 799 1204 972 1281; x_wconf 77' lang='lat' dir='ltr'>Caphereus.</span> 
     </span>
     <span class='ocr_line' id='line_1_11' title="bbox 224 1305 817 1375; baseline 0 -10"><span class='ocrx_word' id='word_1_65' title='bbox 224 1305 337 1365; x_wconf 79' lang='lat' dir='ltr'>Militia</span> <span class='ocrx_word' id='word_1_66' title='bbox 349 1325 386 1365; x_wconf 86' lang='lat' dir='ltr'>ex</span> <span class='ocrx_word' id='word_1_67' title='bbox 398 1306 459 1375; x_wconf 79' lang='lat' dir='ltr'>illa,</span> <span class='ocrx_word' id='word_1_68' title='bbox 479 1306 621 1365; x_wconf 87' lang='lat' dir='ltr'>diversum</span> <span class='ocrx_word' id='word_1_69' title='bbox 634 1308 704 1365; x_wconf 87' lang='lat' dir='ltr'>litus</span> <span class='ocrx_word' id='word_1_70' title='bbox 716 1306 817 1375; x_wconf 65' lang='lat' dir='ltr'>adradi,</span> 
     </span>
     <span class='ocr_line' id='line_1_12' title="bbox 224 1408 923 1485; baseline 0.001 -20"><span class='ocrx_word' id='word_1_71' title='bbox 224 1408 342 1466; x_wconf 87' lang='lat' dir='ltr'>Atrides</span> <span class='ocrx_word' id='word_1_72' title='bbox 355 1408 449 1467; x_wconf 83' lang='lat' dir='ltr'>Protei</span> <span class='ocrx_word' id='word_1_73' title='bbox 461 1409 612 1467; x_wconf 86' lang='lat' dir='ltr'>Menelaus</span> <span class='ocrx_word' id='word_1_74' title='bbox 624 1410 661 1466; x_wconf 89' lang='lat' dir='ltr'>ad</span> <span class='ocrx_word' id='word_1_75' title='bbox 673 1427 764 1485; x_wconf 89' lang='lat' dir='ltr'>usque</span> <span class='ocrx_word' id='word_1_76' title='bbox 776 1408 923 1466; x_wconf 87' lang='lat' dir='ltr'>columnas</span> 
     </span>
     <span class='ocr_line' id='line_1_13' title="bbox 226 1510 867 1588; baseline 0 -20"><span class='ocrx_word' id='word_1_77' title='bbox 226 1510 354 1577; x_wconf 85' lang='lat' dir='ltr'>Exsulat,</span> <span class='ocrx_word' id='word_1_78' title='bbox 373 1510 504 1569; x_wconf 83' lang='lat' dir='ltr'>AEtnaeos</span> <span class='ocrx_word' id='word_1_79' title='bbox 517 1510 591 1571; x_wconf 88' lang='lat' dir='ltr'>vidit</span> <span class='ocrx_word' id='word_1_80' title='bbox 603 1511 744 1588; x_wconf 81' lang='lat' dir='ltr'>Cyclopas</span> <span class='ocrx_word' id='word_1_81' title='bbox 755 1511 867 1569; x_wconf 85' lang='lat' dir='ltr'>Ulixes.</span> 
     </span>
     <span class='ocr_line' id='line_1_14' title="bbox 161 1612 966 1689; baseline 0.002 -20"><span class='ocrx_word' id='word_1_82' title='bbox 161 1616 163 1619; x_wconf 81' lang='grc'><strong>’</strong></span> <span class='ocrx_word' id='word_1_83' title='bbox 226 1613 326 1689; x_wconf 83' lang='lat' dir='ltr'>Regna</span> <span class='ocrx_word' id='word_1_84' title='bbox 340 1612 527 1689; x_wconf 89' lang='lat' dir='ltr'>Neoptolemi</span> <span class='ocrx_word' id='word_1_85' title='bbox 539 1612 671 1682; x_wconf 88' lang='lat' dir='ltr'>referam,</span> <span class='ocrx_word' id='word_1_86' title='bbox 691 1614 840 1689; x_wconf 87' lang='lat' dir='ltr'>versosque</span> <span class='ocrx_word' id='word_1_87' title='bbox 853 1612 966 1671; x_wconf 81' lang='lat' dir='ltr'>Penatis</span> 
     </span>
     <span class='ocr_line' id='line_1_15' title="bbox 225 1714 965 1792; baseline 0.005 -21"><span class='ocrx_word' id='word_1_88' title='bbox 225 1714 391 1773; x_wconf 74' lang='lat' dir='ltr'>Idomenei?</span> <span class='ocrx_word' id='word_1_89' title='bbox 413 1714 561 1792; x_wconf 89' lang='lat' dir='ltr'>Libycone</span> <span class='ocrx_word' id='word_1_90' title='bbox 573 1715 735 1773; x_wconf 87' lang='lat' dir='ltr'>habitantes</span> <span class='ocrx_word' id='word_1_91' title='bbox 748 1716 830 1773; x_wconf 88' lang='lat' dir='ltr'>litore</span> <span class='ocrx_word' id='word_1_92' title='bbox 843 1718 965 1777; x_wconf 79' lang='lat' dir='ltr'>Locros?</span> 
     </span>
     <span class='ocr_line' id='line_1_16' title="bbox 188 1816 1015 1894; baseline 0.002 -21"><span class='ocrx_word' id='word_1_93' title='bbox 188 1836 193 1842; x_wconf 96' lang='lat'>·</span> <span class='ocrx_word' id='word_1_94' title='bbox 226 1816 290 1893; x_wconf 90' lang='lat' dir='ltr'>lpse</span> <span class='ocrx_word' id='word_1_95' title='bbox 303 1818 479 1893; x_wconf 85' lang='lat' dir='ltr'>Mycenaeus,</span> <span class='ocrx_word' id='word_1_96' title='bbox 500 1836 672 1894; x_wconf 84' lang='lat' dir='ltr'>magnorum</span> <span class='ocrx_word' id='word_1_97' title='bbox 684 1817 783 1875; x_wconf 55' lang='lat' dir='ltr'>durior</span> <span class='ocrx_word' id='word_1_98' title='bbox 795 1817 952 1885; x_wconf 87' lang='lat' dir='ltr'>Achivom,</span> <span class='ocrx_word' id='word_1_99' title='bbox 1011 1850 1015 1859; x_wconf 89' lang='lat'><strong>·</strong></span> 
     </span>
     <span class='ocr_line' id='line_1_17' title="bbox 226 1917 959 1997; baseline 0.001 -19"><span class='ocrx_word' id='word_1_100' title='bbox 226 1918 366 1996; x_wconf 81' lang='lat' dir='ltr'>Conjugis</span> <span class='ocrx_word' id='word_1_101' title='bbox 377 1917 512 1991; x_wconf 81' lang='lat' dir='ltr'>infandae,</span> <span class='ocrx_word' id='word_1_102' title='bbox 533 1918 625 1997; x_wconf 89' lang='lat' dir='ltr'>prima</span> <span class='ocrx_word' id='word_1_103' title='bbox 639 1918 713 1977; x_wconf 89' lang='lat' dir='ltr'>intra</span> <span class='ocrx_word' id='word_1_104' title='bbox 726 1919 837 1989; x_wconf 90' lang='lat' dir='ltr'>limina,</span> <span class='ocrx_word' id='word_1_105' title='bbox 858 1920 959 1979; x_wconf 71' lang='lat' dir='ltr'>dextri</span> 
     </span>
     <span class='ocr_line' id='line_1_18' title="bbox 207 2011 1009 2100; baseline 0.001 -20"><span class='ocrx_word' id='word_1_106' title='bbox 207 2063 210 2067; x_wconf 92' lang='lat'><em>-</em></span> <span class='ocrx_word' id='word_1_107' title='bbox 226 2021 373 2100; x_wconf 79' lang='lat' dir='ltr'>Oppetiit3</span> <span class='ocrx_word' id='word_1_108' title='bbox 395 2023 537 2082; x_wconf 71' lang='lat' dir='ltr'>desieram</span> <span class='ocrx_word' id='word_1_109' title='bbox 549 2023 649 2081; x_wconf 84' lang='lat' dir='ltr'>Afiam</span> <span class='ocrx_word' id='word_1_110' title='bbox 660 2022 787 2080; x_wconf 84' lang='lat' dir='ltr'>subsedit</span> <span class='ocrx_word' id='word_1_111' title='bbox 799 2023 922 2082; x_wconf 80' lang='lat' dir='ltr'>adulter.</span> <span class='ocrx_word' id='word_1_112' title='bbox 953 2011 956 2021; x_wconf 74' lang='grc'><strong>’</strong></span> <span class='ocrx_word' id='word_1_113' title='bbox 1004 2025 1009 2039; x_wconf 77' lang='lat'><strong>²</strong></span> 
     </span>
     <span class='ocr_line' id='line_1_19' title="bbox 227 2124 825 2202; baseline 0 -20"><span class='ocrx_word' id='word_1_114' title='bbox 227 2125 362 2183; x_wconf 77' lang='lat' dir='ltr'>Invidisse</span> <span class='ocrx_word' id='word_1_115' title='bbox 374 2126 450 2194; x_wconf 74' lang='lat' dir='ltr'>door,</span> <span class='ocrx_word' id='word_1_116' title='bbox 469 2125 568 2202; x_wconf 88' lang='lat' dir='ltr'>patriis</span> <span class='ocrx_word' id='word_1_117' title='bbox 580 2135 614 2182; x_wconf 87' lang='lat' dir='ltr'>ut</span> <span class='ocrx_word' id='word_1_118' title='bbox 626 2124 755 2184; x_wconf 86' lang='lat' dir='ltr'>redditus</span> <span class='ocrx_word' id='word_1_119' title='bbox 769 2125 825 2183; x_wconf 91' lang='lat' dir='ltr'>aris</span> 
     </span>
    </p>

    <p class='ocr_par' dir='ltr' id='par_1_5' title="bbox 227 2225 1025 2305">
     <span class='ocr_line' id='line_1_20' title="bbox 227 2225 1025 2305; baseline 0.001 -20"><span class='ocrx_word' id='word_1_120' title='bbox 227 2227 407 2305; x_wconf 81' lang='lat' dir='ltr'>conjugium</span> <span class='ocrx_word' id='word_1_121' title='bbox 423 2235 563 2305; x_wconf 89' lang='lat' dir='ltr'>optatum,</span> <span class='ocrx_word' id='word_1_122' title='bbox 583 2235 613 2285; x_wconf 90' lang='lat' dir='ltr'>et</span> <span class='ocrx_word' id='word_1_123' title='bbox 632 2227 784 2304; x_wconf 88' lang='lat' dir='ltr'>pulchram</span> <span class='ocrx_word' id='word_1_124' title='bbox 804 2225 961 2305; x_wconf 83' lang='lat' dir='ltr'>Calydona,</span> <span class='ocrx_word' id='word_1_125' title='bbox 981 2227 1025 2286; x_wconf 82' lang='lat' dir='ltr'>ri·</span> 
     </span>
    </p>

    <p class='ocr_par' dir='ltr' id='par_1_6' title="bbox 305 2331 415 2389">
     <span class='ocr_line' id='line_1_21' title="bbox 305 2331 415 2389; baseline -0.018 0"><span class='ocrx_word' id='word_1_126' title='bbox 305 2331 415 2389; x_wconf 79' lang='lat' dir='ltr'>dorem!</span> 
     </span>
    </p>

    <p class='ocr_par' dir='ltr' id='par_1_7' title="bbox 227 2431 1024 3120">
     <span class='ocr_line' id='line_1_22' title="bbox 227 2431 1019 2510; baseline 0 -20"><span class='ocrx_word' id='word_1_127' title='bbox 227 2432 259 2490; x_wconf 92' lang='lat' dir='ltr'>N</span> <span class='ocrx_word' id='word_1_128' title='bbox 260 2453 317 2490; x_wconf 92' lang='lat' dir='ltr'>unc</span> <span class='ocrx_word' id='word_1_129' title='bbox 330 2433 418 2490; x_wconf 89' lang='lat' dir='ltr'>etiam</span> <span class='ocrx_word' id='word_1_130' title='bbox 430 2431 559 2491; x_wconf 88' lang='lat' dir='ltr'>horribili</span> <span class='ocrx_word' id='word_1_131' title='bbox 571 2431 635 2491; x_wconf 88' lang='lat' dir='ltr'>visu</span> <span class='ocrx_word' id='word_1_132' title='bbox 647 2437 779 2508; x_wconf 82' lang='lat' dir='ltr'>portenta</span> <span class='ocrx_word' id='word_1_133' title='bbox 791 2432 960 2510; x_wconf 85' lang='lat' dir='ltr'>sequuntur,</span> <span class='ocrx_word' id='word_1_134' title='bbox 1016 2433 1019 2438; x_wconf 78' lang='grc'><strong>’</strong></span> 
     </span>
     <span class='ocr_line' id='line_1_23' title="bbox 228 2533 863 2612; baseline 0.003 -22"><span class='ocrx_word' id='word_1_135' title='bbox 228 2533 265 2590; x_wconf 88' lang='lat' dir='ltr'>Et</span> <span class='ocrx_word' id='word_1_136' title='bbox 278 2534 347 2594; x_wconf 91' lang='lat' dir='ltr'>socii</span> <span class='ocrx_word' id='word_1_137' title='bbox 360 2533 457 2603; x_wconf 87' lang='lat' dir='ltr'>amiffi,</span> <span class='ocrx_word' id='word_1_138' title='bbox 476 2533 622 2612; x_wconf 86' lang='lat' dir='ltr'>petierunt</span> <span class='ocrx_word' id='word_1_139' title='bbox 635 2533 740 2592; x_wconf 74' lang='lat' dir='ltr'>athera</span> <span class='ocrx_word' id='word_1_140' title='bbox 752 2535 863 2612; x_wconf 87' lang='lat' dir='ltr'>pennis,</span> 
     </span>
     <span class='ocr_line' id='line_1_24' title="bbox 228 2635 1024 2713; baseline 0.005 -22"><span class='ocrx_word' id='word_1_141' title='bbox 228 2635 463 2713; x_wconf 88' lang='lat' dir='ltr'>Fluminibusque</span> <span class='ocrx_word' id='word_1_142' title='bbox 476 2645 626 2713; x_wconf 85' lang='lat' dir='ltr'>vagantur,</span> <span class='ocrx_word' id='word_1_143' title='bbox 646 2656 725 2706; x_wconf 85' lang='lat' dir='ltr'>aves;</span> <span class='ocrx_word' id='word_1_144' title='bbox 746 2636 804 2693; x_wconf 92' lang='lat' dir='ltr'>heu</span> <span class='ocrx_word' id='word_1_145' title='bbox 817 2636 878 2694; x_wconf 89' lang='lat' dir='ltr'>dira</span> <span class='ocrx_word' id='word_1_146' title='bbox 893 2653 1024 2695; x_wconf 83' lang='lat' dir='ltr'>meorum</span> 
     </span>
     <span class='ocr_line' id='line_1_25' title="bbox 229 2737 1012 2815; baseline 0 -21"><span class='ocrx_word' id='word_1_147' title='bbox 229 2737 387 2813; x_wconf 84' lang='lat' dir='ltr'>Supplicial</span> <span class='ocrx_word' id='word_1_148' title='bbox 409 2747 438 2795; x_wconf 93' lang='lat' dir='ltr'>et</span> <span class='ocrx_word' id='word_1_149' title='bbox 451 2737 579 2814; x_wconf 91' lang='lat' dir='ltr'>scopulos</span> <span class='ocrx_word' id='word_1_150' title='bbox 591 2738 744 2796; x_wconf 83' lang='lat' dir='ltr'>lacrimofis</span> <span class='ocrx_word' id='word_1_151' title='bbox 758 2738 874 2795; x_wconf 86' lang='lat' dir='ltr'>vocibus</span> <span class='ocrx_word' id='word_1_152' title='bbox 888 2738 1012 2815; x_wconf 75' lang='lat' dir='ltr'>inplent,</span> 
     </span>
     <span class='ocr_line' id='line_1_26' title="bbox 229 2839 932 2917; baseline 0 -21"><span class='ocrx_word' id='word_1_153' title='bbox 229 2839 301 2896; x_wconf 89' lang='lat' dir='ltr'>Haec</span> <span class='ocrx_word' id='word_1_154' title='bbox 314 2840 385 2897; x_wconf 87' lang='lat' dir='ltr'>adeo</span> <span class='ocrx_word' id='word_1_155' title='bbox 396 2858 433 2898; x_wconf 87' lang='lat' dir='ltr'>ex</span> <span class='ocrx_word' id='word_1_156' title='bbox 445 2840 496 2897; x_wconf 92' lang='lat' dir='ltr'>illo</span> <span class='ocrx_word' id='word_1_157' title='bbox 507 2839 582 2898; x_wconf 90' lang='lat' dir='ltr'>mihi</span> <span class='ocrx_word' id='word_1_158' title='bbox 590 2839 651 2917; x_wconf 87' lang='lat' dir='ltr'>jam</span> <span class='ocrx_word' id='word_1_159' title='bbox 665 2840 800 2916; x_wconf 86' lang='lat' dir='ltr'>speranda</span> <span class='ocrx_word' id='word_1_160' title='bbox 813 2839 932 2896; x_wconf 86' lang='lat' dir='ltr'>fuerunt</span> 
     </span>
     <span class='ocr_line' id='line_1_27' title="bbox 228 2940 949 3018; baseline 0.001 -20"><span class='ocrx_word' id='word_1_161' title='bbox 228 2941 382 3016; x_wconf 89' lang='lat' dir='ltr'>Tempore,</span> <span class='ocrx_word' id='word_1_162' title='bbox 401 2957 469 2998; x_wconf 86' lang='lat' dir='ltr'>cum</span> <span class='ocrx_word' id='word_1_163' title='bbox 481 2940 556 2999; x_wconf 82' lang='lat' dir='ltr'>ferro</span> <span class='ocrx_word' id='word_1_164' title='bbox 568 2941 691 2999; x_wconf 74' lang='lat' dir='ltr'>colestia</span> <span class='ocrx_word' id='word_1_165' title='bbox 702 2960 819 3018; x_wconf 85' lang='lat' dir='ltr'>corpora</span> <span class='ocrx_word' id='word_1_166' title='bbox 831 2942 949 3000; x_wconf 85' lang='lat' dir='ltr'>demens</span> 
     </span>
     <span class='ocr_line' id='line_1_28' title="bbox 230 3041 940 3120; baseline 0.004 -20"><span class='ocrx_word' id='word_1_167' title='bbox 230 3043 360 3120; x_wconf 88' lang='lat' dir='ltr'>Adpetii,</span> <span class='ocrx_word' id='word_1_168' title='bbox 380 3053 410 3100; x_wconf 89' lang='lat' dir='ltr'>et</span> <span class='ocrx_word' id='word_1_169' title='bbox 418 3041 540 3101; x_wconf 85' lang='lat' dir='ltr'>Veneris</span> <span class='ocrx_word' id='word_1_170' title='bbox 552 3042 658 3101; x_wconf 82' lang='lat' dir='ltr'>violavi</span> <span class='ocrx_word' id='word_1_171' title='bbox 671 3043 786 3101; x_wconf 82' lang='lat' dir='ltr'>volnere</span> <span class='ocrx_word' id='word_1_172' title='bbox 798 3043 940 3103; x_wconf 82' lang='lat' dir='ltr'>dextram.</span> 
     </span>
    </p>

    <p class='ocr_par' dir='ltr' id='par_1_8' title="bbox 229 3144 1026 3224">
     <span class='ocr_line' id='line_1_29' title="bbox 229 3144 1026 3224; baseline -0.01 -20"><span class='ocrx_word' id='word_1_173' title='bbox 229 3145 278 3204; x_wconf 89' lang='lat' dir='ltr'>Ne</span> <span class='ocrx_word' id='word_1_174' title='bbox 292 3163 369 3216; x_wconf 87' lang='lat' dir='ltr'>vero,</span> <span class='ocrx_word' id='word_1_175' title='bbox 387 3164 424 3204; x_wconf 90' lang='lat' dir='ltr'>ne</span> <span class='ocrx_word' id='word_1_176' title='bbox 438 3148 534 3205; x_wconf 80' lang='lat' dir='ltr'>meod</span> <span class='ocrx_word' id='word_1_177' title='bbox 547 3145 617 3204; x_wconf 85' lang='lat' dir='ltr'>tales</span> <span class='ocrx_word' id='word_1_178' title='bbox 631 3144 761 3222; x_wconf 84' lang='lat' dir='ltr'>inpellite</span> <span class='ocrx_word' id='word_1_179' title='bbox 773 3163 900 3224; x_wconf 83' lang='lat' dir='ltr'>pugnas:</span> <span class='ocrx_word' id='word_1_180' title='bbox 1001 3170 1005 3175; x_wconf 86' lang='lat'><strong>·</strong></span> <span class='ocrx_word' id='word_1_181' title='bbox 1019 3169 1026 3196; x_wconf 64' lang='grc' dir='ltr'><strong>ι</strong></span> 
     </span>
    </p>
   </div>
   <div class='ocr_carea' id='block_1_3' title="bbox 0 0 1269 3875">
    <p class='ocr_par' dir='ltr' id='par_1_9' title="bbox 0 0 1269 3875">
     <span class='ocr_line' id='line_1_30' title="bbox 0 0 1269 3875; baseline 0 0"><span class='ocrx_word' id='word_1_182' title='bbox 0 0 1269 3875; x_wconf 95' lang='lat' dir='ltr'> </span> 
     </span>
    </p>
   </div>
  </div>
 </body>
</html>
