2509 3875
243 322 299 393 170'
498 324 774 397 AENEIDO'S,
925 334 1039 399 snm>

240 480 331 548 Stant,
351 478 444 556 longis
456 480 555 539 adnixi
568 481 662 553 hastis,
682 490 713 540 et
724 481 802 539 scuta
816 488 955 552 tenentes,

239 580 399 640 Castrorum
413 588 442 641 et
454 582 549 661 campi
561 584 666 642 medio.
703 585 783 641 Turn
793 582 881 641 Nisus
892 592 922 641 et
935 584 994 643 uni

239 684 377 759 Euryalus
390 685 539 743 confestim
551 686 657 743 alacres
668 686 814 743 admittier
826 696 920 743 orant:

240 786 312 843 Rern
335 804 478 863 magnam,
503 788 685 864 pretiumque
703 806 791 845 morae
810 788 881 846 fore.
921 789 1034 849 Primus

240 922 243 930 ι
315 890 394 947 Iulus

238 990 362 1067 Adcepit
375 990 508 1067 trepidos,
528 1010 561 1049 ac
573 990 680 1049 Nisum
691 990 786 1049 dicere
793 988 880 1067 juffit

235 1093 314 1151 'Iirm
326 1092 363 1149 ssa
376 1091 561 1167 Hyrtacides:
584 1091 694 1150 Audite
706 1093 736 1149 ol
758 1092 903 1151 mentibus
915 1092 1015 1169 arquis,

235 1194 390 1264 AEneadae3
411 1210 483 1249 neve
493 1192 554 1249 haec
567 1192 666 1251 nostris
678 1192 839 1270 spectentur
849 1197 887 1253 ab
898 1195 989 1264 ωιιὶε,

235 1296 312 1354 Quae
324 1293 451 1353 ferimus.
491 1294 602 1363 Rutuli,
622 1294 722 1353 somno
734 1295 859 1371 vinoque
873 1296 968 1366 soluti,

233 1396 419 1467 Conticuere,
440 1396 536 1453 locum
548 1394 657 1454 insidiis
669 1396 867 1474 conspeximus
878 1398 940 1475 ipli,

234 1498 298 1557 oui
310 1506 389 1575 patet
400 1496 432 1556 in
445 1498 523 1555 bivio
535 1506 633 1575 portae,
653 1518 717 1575 quae
729 1499 860 1575 proxima
872 1510 976 1577 ponto,

233 1600 389 1677 interrupti
401 1600 491 1677 ignes,
511 1609 629 1675 aterque
642 1601 678 1659 ad
690 1601 778 1659 lidera
790 1602 887 1660 fumus

232 1702 375 1779 Erigitur:
397 1702 418 1761 fi
431 1702 546 1761 fortuni
558 1702 724 1778 permittitis
737 1702 790 1772 uti,

233 1805 395 1863 Quantum
407 1804 523 1863 AEnean
535 1804 572 1861 ad
584 1803 691 1861 moenia
705 1804 849 1863 Pallantea

230 1907 305 1968 Mox
316 1906 365 1966 hic
378 1925 445 1966 cum
459 1904 562 1984 spoliis,
582 1904 694 1982 ingenti
707 1906 783 1964 caede
796 1906 918 1984 perstiti,

230 2011 341 2070 Adfore
353 2007 484 2068 cernetis.
523 2009 588 2066 Nec
600 2027 653 2066 nos
665 2007 711 2065 via
721 2009 799 2066 fallit
810 2009 919 2067 euntiss

230 2112 363 2170 Vidimus
376 2111 500 2170 obscuris
511 2109 635 2186 primam
648 2109 700 2167 sub
712 2109 834 2168 vallibus
845 2113 947 2169 urbem

229 2215 345 2273 Venatu
357 2213 481 2278 adsiduo,
500 2219 530 2268 et
543 2219 638 2268 toturn
649 2211 835 2287 cognovimus
847 2231 971 2272 amnem.
1022 2272 1025 2277 ,

221 2371 225 2380 ,
269 2316 336 2382 Hic,
356 2313 439 2372 annis
452 2311 545 2388 gravis
558 2321 645 2388 atque
656 2312 746 2370 animi
757 2323 894 2383 maturus,
906 2315 1020 2374 Aletest

229 2415 270 2476 Di
283 2415 376 2494 patrii,
397 2433 518 2491 quorum
530 2413 641 2490 semper
652 2413 705 2471 sub
717 2415 836 2473 nmnine
848 2415 933 2493 Truja
946 2417 996 2486 est,

228 2520 299 2578 Non
312 2526 408 2574 tamen
421 2514 538 2572 omnino
549 2516 676 2573 Teucros
687 2516 782 2574 delere
793 2519 906 2594 paratis,

230 2621 332 2679 Quum
345 2617 409 2676 talis
422 2616 532 2675 animos
540 2614 691 2692 juvenum,
710 2628 740 2676 ct
753 2629 812 2676 tarn
825 2629 904 2678 certa
917 2620 1022 2680 tulistis

229 2723 352 2783 Pedtora.
391 2719 438 2778 Sic
455 2737 623 2789 memorans,
643 2719 775 2778 humeros
792 2722 963 2798 dextrasque
979 2732 1022 2781 te-

306 2825 394 2882 nebat

228 2929 398 2994 Amborutn,
411 2933 440 2983 et
450 2922 561 2981 voltum
572 2921 706 2992 lacrimis,
719 2932 807 2999 atque
818 2943 876 2996 ora,
890 2926 1017 3002 rigabatr

228 3032 303 3088 Quae
316 3028 405 3095 vobis,
424 3045 488 3102 quae
501 3023 598 3100 digna,
611 3023 675 3092 viri,
694 3043 746 3100 pro
758 3026 890 3084 laudibus
901 3027 971 3099 istis,

227 3130 343 3190 Praemia
356 3129 431 3206 posse
443 3145 504 3185 rear
516 3125 601 3184 solvi?
622 3126 813 3202 pulcherrima
826 3130 954 3207 primum

227 3233 277 3304 Di,
296 3248 444 3306 moresque
456 3230 565 3289 dabunt
576 3229 675 3302 vestri,
700 3239 764 3302 turn
776 3240 869 3292 cetera
880 3234 980 3292 reddet
