2509 3875
107 374 112 394 .
186 332 301 393 neon.
502 334 602 394 LlB.
640 336 694 393 1v.
962 346 1000 397 23

185 486 258 565 Jam
272 508 355 547 mare
370 489 479 547 turbari
493 490 630 559 trabibus,
650 491 792 568 saevaeque
804 490 913 552 ridebit

100 600 112 637 Ἀ
186 592 359 651 Conlucere
373 594 460 661 faces,
474 592 537 670 jam
549 594 659 652 fervere
671 595 755 653 litora
768 596 906 668 flammis;

186 695 218 753 Si
234 706 265 753 te
278 696 327 753 his
341 696 479 773 adtigerit
493 696 574 755 terris
586 699 699 755 Aumra
711 709 883 759 morantem.

186 799 245 857 Eia
258 817 326 876 age,
338 818 441 877 rumpe
453 818 555 859 moras.
577 800 708 871 Varium,
719 811 750 859 et
762 802 912 870 mutabile,
926 802 1000 863 sem·

269 920 325 979 l’er
914 976 921 987 .

187 1006 325 1064 Femina.
368 1006 415 1065 Sic
428 1007 504 1065 fatus
517 1006 594 1065 noeti
607 1006 637 1064 se
649 1007 797 1067 inmiscuit
809 1018 889 1069 atrae.

230 1112 314 1167 Tum
327 1128 395 1167 vero
408 1110 528 1178 AEneas,
549 1110 650 1168 subitis
662 1113 815 1169 exterritus
827 1115 947 1185 umbria,

187 1214 332 1290 Conn'pit
344 1232 362 1271 e
374 1213 473 1272 somno
486 1234 596 1293 corpus,
616 1213 763 1291 sociosque
773 1215 891 1295 fatigat:

190 1316 359 1394 Praecipites
371 1317 501 1393 vigilate,
522 1318 591 1389 viri;
613 1327 644 1375 et
655 1318 792 1376 confidite
806 1320 946 1377 transtrisz

192 1421 304 1478 Solvite
316 1421 380 1479 vela
393 1420 456 1478 citi.
496 1422 585 1488 Deus,
605 1422 713 1479 aethere
724 1422 824 1479 missua
836 1424 873 1480 ab
885 1424 953 1493 aito,

192 1524 339 1585 Festinato
351 1525 464 1601 fugam,
483 1534 628 1601 tortosque
641 1524 768 1583 incidere
780 1525 867 1594 funis,

193 1628 286 1686 Eece!
308 1628 418 1685 iterum
430 1627 566 1685 stimulat.
607 1628 759 1705 Sequimur
772 1638 811 1698 te,
823 1628 918 1687 sanue
928 1630 996 1687 deo-

273 1750 350 1799 rum,

194 1832 338 1910 Quisquis
348 1852 393 1905 es3
415 1833 593 1912 imperioque
605 1834 712 1893 iterum
724 1854 856 1912 paremus
868 1845 994 1895 orantes,

192 1939 281 1997 Adfis
293 1939 325 1996 o!
347 1939 534 2016 placidusque
542 1937 641 2015 juves5
662 1949 693 1998 et
705 1940 793 1998 sidera
805 1940 880 1997 coelo

193 2043 307 2100 Dextra
320 2041 403 2100 feras.
446 2043 543 2100 Dixit:
565 2043 727 2118 vaginaque
739 2042 826 2118 eripit
838 2041 936 2098 ensem

192 2145 391 2215 Fulmineum
411 2146 562 2223 stribioque
580 2131 818 2204 ferit'retinacula
831 2145 915 2203 ferro.

192 2249 277 2307 Idem
296 2249 391 2308 omnia
411 2249 494 2308 fimul
514 2251 595 2308 ardor
613 2249 715 2320 habet5
742 2248 922 2326 rapiuntque,
947 2268 993 2307 ru-

273 2362 400 2429 unique:

193 2458 293 2514 Litora
305 2455 466 2514 deseruere:
488 2455 560 2514 latet
572 2456 624 2513 sub
636 2455 767 2514 classibua
780 2475 891 2532 aequor5

193 2559 307 2617 Adnixi
321 2569 456 2635 torquent
467 2560 589 2637 spumas,
608 2569 640 2616 et
652 2560 753 2617 caerula
765 2572 891 2618 verrunt.

234 2664 272 2720 Et
281 2662 342 2739 jam
356 2662 449 2742 prima
462 2682 538 2720 novo
551 2662 701 2739 spargebat
714 2663 825 2721 lumine
837 2674 931 2732 terrae·

192 2766 316 2824 Tithoni
328 2785 461 2824 croceum
474 2767 606 2841 linquens
619 2769 731 2824 Aurora
743 2767 852 2825 cubile:

193 2869 316 2946 Regina,
336 2889 353 2927 e
366 2869 487 2946 speculis
499 2880 533 2927 nt
546 2869 668 2946 primam
681 2869 822 2928 albescere
835 2869 929 2926 lucem

195 2973 287 3041 Vidit,
306 2982 336 3030 et
348 2972 467 3048 aquatis
479 2973 591 3029 classem
604 2975 755 3050 procedere
766 2971 846 3037 velia,

90 3147 91 3150 Ἴ
195 3077 352 3151 litoraque
363 3086 394 3133 et
406 3095 509 3134 vacuos
522 3076 606 3134 sensit
618 3077 677 3134 fine
690 3076 799 3152 remige
811 3081 909 3150 portus
915 3099 924 3146 3

194 3182 309 3255 Terque
323 3189 479 3254 quaterque
493 3199 580 3238 manu
593 3181 690 3257 peetus
707 3177 833 3254 percussa
846 3179 990 3253 decorum,

196 3281 394 3356 llaveutiaque.
406 3282 522 3344 abscissa
535 3301 640 3351 eomas,
660 3281 713 3338 Pro
725 3280 870 3360 Juppiterl
891 3282 947 3338 ibit
