2509 3875
246 340 287 399 Μ
506 336 786 410 AENEIDOS,
957 340 1062 402 nne.

248 490 312 549 Aut
319 488 415 567 jaculo
427 490 537 551 incedit
550 494 660 563 melior,
680 495 847 570 levibusque
860 494 980 572 sagittis,

250 593 305 651 Seu
318 595 405 652 crudo
418 594 483 653 fidit
496 615 626 673 pugnam
638 598 810 655 conmittere
822 598 911 655 cestu:

249 695 354 753 Cuncti
367 698 468 767 adsint,
490 699 657 775 meritaeque
674 700 837 778 exspectent
852 701 970 778 praemia
985 700 1055 777 pal·

325 817 390 857 mae.

247 899 309 957 Ore
321 901 416 960 favete
427 922 535 975 omnes,
555 913 585 961 et
599 913 725 982 tempora
738 905 848 981 cingite
860 905 955 965 tamin

289 1002 335 1060 Sic
347 1004 432 1073 fatus,
451 1006 527 1063 velat
540 1009 669 1064 materni
682 1016 810 1084 tempora
823 1017 933 1084 myrto:

249 1103 315 1161 Hoc
327 1105 468 1181 Helymus
482 1106 562 1176 facit,
582 1108 637 1165 hoc
649 1109 703 1166 aevi
716 1120 844 1166 maturus
860 1110 982 1179 Acestes,

249 1204 315 1265 Hoc
327 1224 399 1282 puer
411 1208 564 1270 Ascanius:
587 1210 717 1285 sequitur
729 1230 801 1286 quoa
813 1222 906 1269 cetera
921 1214 1018 1287 pubes.

249 1306 303 1365 ille
314 1326 331 1365 e
344 1309 467 1367 concilio
479 1310 578 1368 multis
591 1330 658 1369 cum
671 1312 798 1369 millibus
810 1312 872 1370 ibat

249 1411 298 1469 Ad
310 1410 463 1481 tumulum,
483 1414 589 1488 magna
601 1414 713 1471 medius
724 1415 880 1473 comitante
893 1415 1013 1475 catervi.
1025 1448 1029 1457 ·

249 1512 308 1571 Hic
321 1512 379 1569 duo
393 1513 449 1571 rite
461 1532 540 1573 mero
552 1514 645 1573 libans
657 1516 797 1574 carchefia
810 1517 923 1575 Baccho

250 1615 357 1675 Fundit
366 1616 462 1687 humi3
484 1617 541 1675 duo
554 1617 627 1675 laete
637 1636 721 1686 novo,
733 1619 792 1676 duo
804 1619 942 1695 sanguine
953 1620 1047 1692 sacr03

249 1719 462 1795 Purpureusque
472 1717 545 1795 jacit
557 1720 650 1789 florea,
669 1740 703 1779 ac
716 1721 785 1779 talia
797 1722 889 1780 fatur:

250 1820 341 1889 Salve,
362 1819 455 1879 sande
466 1840 576 1897 parens,
595 1822 715 1881 iterum!
748 1823 862 1895 salvete,
882 1824 989 1902 recepti

248 1922 457 2001 Nequidquam
470 1923 592 1982 cineres!
614 1924 785 2002 animaeque,
799 1929 974 2002 umbraeque,
993 1947 1045 2004 pa-

326 2027 426 2085 ternaei

248 2127 319 2186 Non
332 2128 415 2186 licuit
430 2128 496 2186 finis
510 2129 604 2196 Italos,
624 2129 779 2205 fataliaque
790 2149 866 2199 arva,

249 2230 314 2288 Nec
335 2240 432 2288 tecum
452 2229 624 2300 Ausonium,
652 2230 828 2307 quicumque
847 2231 897 2301 eti,
920 2249 1046 2308 quaerere

324 2331 476 2408 Thybrim.

249 2433 370 2492 Dixerat
380 2432 456 2503 haec;
477 2433 568 2509 adytis
581 2451 673 2510 quum
685 2435 810 2492 lubricus
820 2435 922 2512 anguis
931 2438 968 2494 ab
979 2436 1046 2496 imis

248 2536 365 2611 Septem
376 2534 479 2610 ingens
491 2553 584 2611 gyros,
604 2533 720 2612 septena
732 2537 889 2607 volumina,
910 2539 1007 2608 traxit,

248 2636 410 2714 Amplexus
422 2636 533 2714 placide
546 2639 702 2711 tumulum,
720 2639 872 2715 labsurque
884 2659 936 2717 per
947 2659 1024 2712 aram

248 2740 388 2800 Cteruleae
400 2739 448 2798 cui
461 2749 541 2816 terga
553 2750 638 2810 notae,
658 2741 817 2799 maculosus
829 2741 859 2799 et
872 2761 941 2801 auro

247 2845 403 2922 squamam
415 2843 587 2904 incendebat
604 2845 717 2922 fulgor:
739 2864 794 2903 ceu
806 2846 933 2905 nubibus
945 2866 1026 2908 arcur

247 2947 335 3006 Mitte
343 2945 414 3023 jacit
426 2947 518 3006 varios
531 2947 649 3004 adverso
663 2945 721 3004 sole
733 2947 851 3006 colores.

247 3048 404 3126 Obstupuit
416 3049 479 3107 visu
490 3049 609 3107 AEneas.
650 3049 712 3120 Ille,
732 3050 848 3126 agmine
860 3050 949 3134 longe

247 3150 379 3208 Tandem
389 3151 465 3208 inter
476 3161 586 3227 pateras
597 3159 628 3208 et
642 3149 718 3210 levia
729 3151 833 3230 pocrda
844 3151 967 3229 serpena,

248 3252 422 3330 Libavitque
434 3255 529 3332 dapes,
548 3253 700 3343 rursusque
711 3254 848 3320 innoxius
858 3254 919 3314 imo

587 3503 678 3696 t
