2509 3875
198 332 304 384 v.200.
499 326 599 385 LIB.
638 326 707 385 XII.
939 328 997 393 273

198 480 308 541 Audiat
320 480 382 540 haec
394 482 524 552 Genitor,
545 483 595 559 qui
608 484 714 541 soerlera
728 479 851 539 fulmine
864 477 967 536 sancit:

197 584 301 660 Tango
314 604 387 655 aras,
410 587 518 645 medios
531 588 617 665 ignis,
637 597 668 644 et
680 584 810 651 numina,
831 582 928 640 testor:

197 678 287 745 Nulla
302 689 361 747 dies
375 709 473 766 pacem
488 691 561 750 hanc
576 691 665 760 Italis,
679 708 732 747 nec
746 689 861 757 foedera,
874 693 997 762 rumpet,
1012 667 1016 672 i

199 791 268 849 Ouo
280 810 323 849 res
334 812 458 869 cumque
469 795 584 852 cadent:
607 814 661 851 nec
672 813 719 851 me
731 794 771 851 vis
784 792 842 848 ulla
852 790 997 848 volentem

197 894 331 964 Avertet5
353 914 420 965 non,
441 897 462 954 fi
477 898 608 955 tellurem
621 897 752 955 effundat
764 895 795 952 in
808 896 908 961 undas,

199 996 319 1055 Diluvio
333 998 460 1069 miscens,
480 1001 643 1078 coelumque
656 1002 687 1058 ln
698 1002 818 1057 Tartara
832 998 935 1055 solvat:

198 1100 242 1158 Ut
254 1101 396 1177 sceptrum
413 1103 468 1161 hoc
490 1106 604 1182 (dextra
624 1104 769 1181 sceptrum
786 1122 852 1159 narn
866 1102 940 1157 forte
953 1118 997 1157 re·

168 1198 174 1213 ’
276 1207 377 1280 gebat)

198 1306 369 1382 Numquam
383 1308 484 1369 fronde
498 1312 555 1371 levi
568 1312 672 1370 fundet
681 1310 815 1389 virgulta,
826 1327 919 1384 neque
932 1326 997 1365 um·

276 1412 347 1480 bras,

198 1512 275 1569 Cum
288 1512 374 1570 semel
388 1514 417 1571 in
433 1514 515 1585 salvis,
535 1518 595 1575 imo
609 1518 645 1574 de
658 1517 742 1593 stirpe
755 1513 886 1582 recisum,

197 1614 293 1671 Matre
306 1596 393 1685 caret,
412 1596 563 1694 posuiique
575 1638 671 1677 comas
683 1628 714 1675 et
725 1616 840 1675 brachia
854 1616 928 1672 ferro
935 1640 943 1686 3
987 1604 994 1691 ’-

198 1716 280 1773 Olim
293 1720 392 1789 arbos3
414 1737 492 1777 nunc
506 1720 623 1778 artificis
636 1739 737 1777 manus
749 1737 805 1776 aere
817 1718 920 1775 decoro

197 1820 325 1889 Inclufit,
344 1821 530 1897 patribusque
542 1823 622 1881 dedit
636 1823 742 1899 gestare
756 1820 876 1879 Latinis.

235 1922 354 1983 Talibus
368 1924 443 1982 inter
457 1924 485 1984 se
498 1924 652 1984 firmabant
669 1925 776 1982 foedera
789 1922 880 1993 dietis,

197 2026 360 2102 Conspectu
372 2027 404 2084 in
417 2028 513 2086 medio
527 2047 691 2105 procerum:
714 2036 776 2083 turn
791 2025 846 2082 rite
858 2024 978 2082 sacratas

196 2128 232 2184 In
245 2128 393 2186 flammam
401 2128 540 2206 jugulant
552 2131 684 2206 pecudes,
705 2138 735 2186 et
748 2127 854 2185 viscera
867 2126 939 2184 vivis

197 2230 341 2308 Eripiunt,
360 2232 566 2309 cumulantque
579 2231 702 2289 oneratis
714 2230 844 2288 lancibus
857 2247 926 2287 aras.

236 2336 279 2392 At
291 2353 358 2392 vero
371 2333 486 2392 Rutulis
498 2334 581 2410 inpar
593 2353 625 2392 ea
640 2351 736 2410 pugna
751 2332 842 2390 videri

196 2436 263 2514 Jarn
275 2437 395 2507 dudum,
417 2447 447 2496 et
460 2437 538 2496 vario
552 2436 665 2496 misceri
679 2437 790 2514 pectora
804 2443 884 2492 motu
889 2459 898 2506 3

196 2539 275 2596 Tum
288 2539 389 2616 magis,
402 2552 435 2598 ut
444 2540 559 2618 propius
570 2522 701 2606 cernunt,
714 2558 771 2596 non
780 2537 887 2597 viribus
897 2536 996 2613 aequis.

197 2639 334 2717 Adjuvat,
355 2643 464 2702 incellu
476 2642 564 2702 tacito
577 2641 745 2719 progreffus,
765 2650 794 2698 et
808 2659 886 2698 aram

197 2743 368 2820 Suppliciter
380 2765 517 2806 venerans
530 2745 649 2804 demitio
663 2745 782 2820 lumine,
795 2723 919 2811 Turnus,

195 2845 397 2921 Tabentesque
410 2867 500 2924 genae,
520 2859 550 2905 et
558 2847 689 2924 juvenali
704 2847 734 2904 in
748 2864 864 2922 corpore
875 2845 976 2921 pallor.

198 2949 296 3006 Quem
311 2947 393 3006 fimul
408 2969 440 3006 ac
450 2951 574 3027 Juturna
587 2949 665 3008 soror
677 2947 850 3006 crebrescere
864 2947 937 3004 vidit

197 3053 371 3121 Sermonem,
392 3063 420 3110 et
435 3033 513 3131 volgi
526 3053 635 3111 variare
647 3050 772 3109 labantia
786 3051 887 3122 corda5

196 3155 232 3212 ln
245 3154 352 3212 medias
366 3153 449 3224 acies,
469 3155 593 3214 formam
605 3153 771 3212 adfimulara
786 3153 924 3222 Camerti,

197 3255 254 3314 Cui
271 3270 361 3332 genus
374 3277 390 3314 a
404 3256 515 3334 proavis
528 3257 640 3334 ingens,
659 3255 824 3332 clarumque
838 3266 965 3331 paternae

83 3309 224 3527 χ
256 3377 328 3418 vol..
343 3379 380 3418 tt.
594 3375 613 3412 Τ
628 3375 639 3396 ·

83 3601 90 3675 ‚l

360 3657 431 3676 Δ
