2509 3875
184 338 298 404 v.149.
488 336 539 393 LI
555 336 586 393 Β.
626 336 680 395 VI.
950 334 991 407 69

183 490 337 559 Praeterea,
347 488 424 567 jacet
437 492 604 551 exanimum
617 490 671 551 tibi
683 510 786 567 eorpus
797 488 894 561 amici,

181 592 257 649 Heu
271 594 374 651 nescis!
397 605 544 671 totamque
557 596 676 653 incestat
688 597 789 653 sunere
802 593 933 664 daffem5

182 694 269 753 Dum
283 697 411 757 consulta
423 699 506 775 petis,
527 700 679 775 nostroque
689 698 722 755 in
733 697 836 755 limine
847 698 962 773 pendet.

183 799 308 857 Sedibus
322 800 399 859 bunc
412 802 486 861 refer
498 813 565 861 ante
578 802 644 870 suis,
663 811 694 859 et
706 802 798 859 nonde
810 799 949 875 sepulcm.

182 901 255 959 Duc
268 902 364 979 nigras
375 907 513 981 pecudes:
536 926 569 965 ea
582 906 675 983 prima
687 902 800 981 piacula
814 902 909 961 sunto.

182 1004 233 1060 Sic
247 1004 365 1063 demum
376 1007 456 1065 lucos
470 1008 591 1085 Stygios,
613 1026 702 1083 regna
714 1006 793 1064 invia
805 1005 887 1074 vitis,

182 1105 347 1183 Adspicies.
387 1109 488 1181 Dixit3
508 1110 656 1186 pressoque
667 1107 815 1165 obmutuit
825 1126 885 1165 ore.

225 1208 346 1279 AEneas,
366 1211 463 1268 rnaesto
476 1211 587 1285 defixus
602 1210 714 1268 lumina
727 1210 816 1279 voltu,

184 1311 363 1387 Ingreditur,
382 1312 515 1388 linquens
528 1322 659 1383 antrum3
681 1329 827 1385 cuneosque
838 1310 950 1369 volutat

186 1412 315 1469 Eventus
328 1412 425 1471 animo
437 1414 543 1471 secum.
585 1414 642 1473 Cui
655 1414 730 1471 fidus
742 1412 870 1471 Achates

183 1514 214 1571 It
227 1532 332 1583 comes,
352 1526 382 1573 et
393 1516 509 1592 paribus
522 1516 596 1577 curis
609 1515 726 1591 vestigia
739 1514 814 1591 figit.

184 1616 286 1673 Multa
300 1616 375 1674 inter
388 1617 446 1675 sese
459 1617 536 1675 vario
549 1618 678 1675 sermone
690 1618 835 1675 serebant:

186 1717 289 1775 Quem
309 1717 418 1777 socium
433 1719 597 1778 exanimem
609 1728 696 1791 vates,
716 1719 794 1796 quod
814 1738 915 1797 corpur
931 1718 987 1778 hu·

266 1822 415 1895 mendum,

186 1921 316 1982 Diceret.
355 1925 454 2000 Atque
466 1923 510 1982 illi
523 1923 673 1982 Misenum
685 1922 716 1980 in
728 1922 814 1980 litore
826 1922 910 1993 ficco,

185 2026 231 2083 Ut
243 2045 355 2094 venere,
376 2027 484 2094 vident,
505 2026 625 2104 indigni
638 2036 731 2084 morte
743 2034 921 2101 peremtum:

185 2127 334 2186 Misenum
347 2129 485 2186 AEoliden
492 2154 500 2200 5
522 2148 579 2204 quo
593 2147 651 2186 non
664 2127 839 2204 praestautior
852 2128 924 2186 alter

185 2229 261 2288 AEre
274 2229 349 2288 ciere
361 2231 445 2298 viros,
464 2231 648 2306 Martemque
660 2230 817 2288 adcendere
830 2240 927 2289 cantu.

185 2333 319 2392 Hettoris
331 2333 379 2390 hic
391 2334 492 2410 magni
504 2334 598 2392 fuerat
611 2353 719 2406 comes;
740 2333 865 2392 Hestnra
875 2335 987 2396 circum

186 2435 225 2492 Et
238 2435 311 2493 lituo
324 2455 435 2512 pugnas
447 2435 565 2512 infignis
579 2435 687 2505 obibat,
707 2444 737 2494 et
749 2435 849 2496 hester

186 2538 335 2613 Postquam
350 2538 433 2596 illum
446 2539 506 2596 viti
518 2538 609 2596 vietor
623 2538 756 2614 spoliavit
768 2539 908 2610 Achilles,
978 2606 980 2610 ,

186 2640 333 2698 Dardanio
344 2639 449 2698 AEneae
462 2638 520 2696 sese
533 2639 699 2698 sortissrmus
712 2641 795 2700 heros

186 2742 346 2826 Addiderat
359 2741 477 2811 socium,
497 2761 556 2800 non
568 2743 705 2802 inferiora
717 2744 839 2826 secutm.

187 2846 240 2903 Sed
254 2853 327 2913 tum,
343 2845 417 2904 forte
431 2845 498 2902 cavi
512 2846 582 2903 dum
594 2846 725 2921 personat
738 2865 850 2922 aequora
865 2847 984 2919 nonchd,

187 2947 322 3017 Demens,
343 2956 374 3005 et
386 2956 475 3004 cantu
485 2956 569 3004 vocat
583 2948 614 3004 in
626 2948 782 3005 certamina
795 2948 886 3017 diros,

188 3049 323 3107 AEmulus
336 3057 490 3126 exceptum
502 3049 605 3107 Triton
622 3051 656 3124 (si
669 3051 783 3108 credere
795 3049 918 3125 dignum
930 3051 983 3126 est)

188 3153 266 3210 Inter
280 3148 345 3210 saxa
357 3153 452 3210 virum
465 3151 595 3228 spumosd
608 3149 773 3209 inmerserat
786 3151 872 3210 undd.

188 3256 264 3332 Ergo
276 3273 376 3314 ornnes
387 3272 494 3332 magno
506 3254 614 3328 circum
627 3251 752 3311 clamore
764 3253 940 3327 fremebant3
