2509 3875
889 149 1189 159 —--—-—-———·

219 395 249 435 v.
261 359 332 447 1‘47.
521 377 619 434 ΜΒ.
658 373 727 434 v11.
968 373 1021 428 ros

222 535 359 592 Crateras
369 530 431 590 laeti
442 517 579 602 statuunt,
596 541 627 589 et
639 531 707 588 vina
721 533 865 586 coronant.

263 635 377 693 Postera
388 653 480 710 quum
490 635 584 710 primi
594 633 732 692 lustrabat
743 630 874 705 lampade
887 637 972 686 terrae

223 738 301 795 Orto
313 736 374 794 dies
380 762 389 809 3
407 738 518 806 urbem,
536 745 569 793 et
579 735 656 805 finio,
678 741 707 792 et
719 733 802 792 litora
815 730 917 806 gentis,

224 838 338 896 Diversi
352 838 503 916 explorant
506 861 516 907 3
536 838 599 894 baec
610 837 699 894 fontir
712 833 807 911 stagna
820 830 949 898 Numici,

223 941 318 998 Hunc
329 938 472 1016 Thybrim
488 939 621 1007 fluvium,
641 936 784 996 hieronis
801 933 929 994 habitare
942 929 1021 990 Loti-

306 1059 367 1097 nnn

222 1144 307 1201 Tum
316 1141 394 1200 ntus
405 1141 544 1212 neuin,
563 1125 686 1200 airaon
698 1138 797 1198 oraine
809 1140 846 1198 ab
857 1135 947 1206 omn,

224 1246 355 1302 Centum
365 1253 490 1302 oratores
501 1243 618 1320 augusta
631 1244 668 1300 ad
680 1241 786 1301 moenia
798 1240 873 1317 regio

224 1347 273 1403 Ire
281 1344 374 1422 jubet,
392 1345 479 1403 ramis
491 1345 598 1404 velatos
611 1343 731 1402 Palladis
743 1363 855 1414 omnen

225 1449 369 1524 Donaque
380 1449 456 1506 ferre
467 1447 539 1517 viro,
558 1465 715 1523 pacemque
732 1444 881 1522 exposcere
893 1445 1018 1504 Teucris.

225 1550 316 1607 Haud
328 1568 418 1618 mora,
436 1548 572 1606 festinant
580 1547 656 1624 jossr,
676 1548 839 1625 rapidisque
851 1547 982 1606 seruntur
1079 1563 1082 1572 ‘

226 1651 361 1710 Pafiibus.
399 1650 464 1727 lpse
475 1650 580 1708 humili
592 1650 720 1726 defigunt
732 1649 838 1708 moenia
851 1649 930 1719 fona,

225 1752 407 1828 Moliturque
417 1753 531 1823 locum3
552 1751 714 1828 primasque
727 1753 758 1809 in
770 1753 853 1811 litore
864 1753 951 1822 sedes,
1016 1785 1018 1792 ι

226 1855 391 1914 Castrorum
402 1852 434 1912 in
447 1873 566 1923 morem,
584 1854 680 1930 pinnis
700 1863 784 1931 atque
802 1873 905 1930 aggere
918 1854 1018 1931 cingit.

265 1960 398 2036 Jamque,
410 1957 467 2015 iter
478 1958 593 2027 emensi,
607 1966 706 2025 turrea,
720 1976 753 2014 ac
767 1956 840 2015 teda
851 1956 1020 2015 Latinorum

226 2060 338 2131 Ardua,
356 2062 511 2118 cernebant
519 2059 648 2136 juvenes,
668 2076 805 2133 muroque
818 2056 960 2115 subibant.

226 2163 308 2220 Ante
318 2163 419 2219 orbem
430 2161 521 2237 pueri,
540 2171 571 2219 ct
583 2162 720 2237 primevo
733 2160 803 2218 flore
810 2158 955 2236 juventus,

226 2264 406 2322 Exercentur
416 2263 505 2339 oquin
526 2263 724 2339 domitantque
737 2262 768 2319 in
781 2262 898 2339 pulvere
908 2281 1005 2322 currus
1010 2288 1018 2334 ;

225 2366 292 2423 Aut
303 2365 375 2425 acria
387 2366 509 2423 tendunt
521 2384 610 2434 arcus,
630 2376 680 2425 aut
693 2366 771 2423 lenta
783 2364 895 2423 lacertis

227 2467 551 2551 Spiudacontorqueot3
572 2469 721 2543 cursuque,
731 2468 855 2543 ictuque,
868 2467 1018 2529 lacessunt:

228 2570 347 2642 cuum„
359 2570 514 2646 praevectus
525 2588 609 2644 equo,
628 2570 753 2645 longaevi
765 2570 839 2645 regis
852 2572 888 2627 ad
900 2570 984 2628 auris¹

228 2670 358 2729 Nuntius
368 2669 495 2747 ingentis
506 2670 606 2746 ignota
618 2671 649 2727 in
662 2671 737 2728 veste
748 2680 874 2746 reportat

227 2772 381 2831 Advenisse
392 2772 476 2831 viroo⁸
515 2772 570 2829 Ille
580 2772 656 2828 intra
670 2772 743 2829 tetta
755 2771 850 2829 vocari

196 2863 201 2876 '
228 2874 363 2950 Imperat,
384 2882 415 2931 et
425 2874 496 2931 solio
508 2872 621 2931 medius
633 2871 761 2931 consedit
773 2871 857 2929 avito.

265 2977 388 3034 Tenum
400 2977 558 3052 augustum,
577 2974 690 3049 ingens,
709 2980 826 3029 centum
839 2969 960 3029 sublime
972 2989 1019 3029 cn-

344 3077 459 3145 somnia,

228 3180 309 3241 Urbe
321 3178 380 3235 fuit
391 3178 511 3246 summi,
531 3175 680 3235 Laurentis
692 3175 771 3253 regia
785 3174 853 3246 Pici,
964 3176 966 3181 ⁴

227 3280 412 3339 Horrendum
423 3279 508 3351 silvia,
524 3287 555 3338 et
565 3277 706 3354 religione
717 3287 877 3355 parentum.
