2509 3875
216 296 335 372 asso.
519 316 617 374 Lrn.
657 317 726 375 vu.
856 373 860 378 ,
969 325 1023 375 113

218 467 289 526 Nec
303 470 373 526 dum
387 470 502 528 animus
516 481 577 530 toto
589 473 718 550 percepit
731 472 843 549 pedore
860 473 1023 545 flammam

220 569 344 662 Mollius
359 582 390 629 et
402 572 486 631 solito
497 585 623 632 matrum
637 576 672 632 de
685 594 765 632 more
778 575 874 632 locuta
886 575 935 642 est,

218 672 319 729 Multa
340 673 425 750 super
443 677 510 732 nati
528 676 689 745 lacrimans,
713 675 901 753 Phrygiisque
920 675 1023 752 hyme-

300 794 383 832 naers:

218 876 412 952 Exsulibusne
426 879 510 938 datur
523 881 653 938 ducenda
666 879 786 938 Lavinia
799 880 927 948 Teucris,

218 979 249 1037 0
262 981 393 1055 genitor?
415 1001 468 1039 nec
481 992 511 1039 te
524 983 640 1040 miseret
653 992 794 1057 nataeque,
814 982 933 1057 tuique?

216 1081 284 1139 Nec
301 1083 400 1140 matris
416 1084 540 1154 miseret,
561 1103 647 1160 quam
667 1085 761 1160 primo
780 1085 914 1160 aquilone
931 1084 1019 1144 relin-

298 1195 369 1259 quet

218 1287 355 1356 Perfidus,
376 1288 434 1346 alta
446 1299 555 1364 petens,
575 1288 697 1346 abducis
709 1287 829 1364 virgine,
850 1290 965 1364 praedo?

214 1391 260 1447 At
272 1409 330 1446 non
345 1390 382 1446 lic
397 1391 536 1467 Phrygius
553 1400 684 1469 penetrat
699 1392 901 1449 Lacedaemona
914 1393 1016 1468 pastor,

214 1492 406 1568 Ledaeamque
422 1493 563 1551 Helenam
575 1492 712 1570 Trojanas
726 1492 806 1550 vexit
820 1495 856 1550 ad
871 1497 961 1554 urbes.

214 1593 298 1652 Quid
312 1605 361 1652 tua
375 1594 470 1652 saneta
483 1595 569 1652 fides?
591 1596 661 1670 quid
675 1614 743 1652 cura
756 1595 874 1670 antiqua
888 1606 1015 1668 tuorum,

213 1697 254 1753 Et
267 1696 480 1772 consanguineo
494 1697 577 1754 toties
593 1697 659 1753 data
672 1697 787 1754 dextera
800 1699 917 1755 Turno?
1000 1703 1003 1710 '

213 1799 244 1856 Si
257 1817 348 1874 gener
360 1799 479 1856 externi
492 1799 600 1874 petitur
612 1799 649 1854 de
666 1808 753 1873 gente
766 1797 886 1865 Latinis,

212 1903 305 1979 quue
317 1902 405 1973 sedet,
419 1902 566 1979 Faunique
578 1911 715 1979 premunt
727 1911 755 1959 te
765 1900 838 1978 julla
850 1902 992 1978 parentis;

211 2007 340 2065 Omnem
358 2006 493 2083 equidem
508 2005 624 2083 sceptris
647 2015 753 2063 terram
771 2024 836 2081 quae
853 2006 943 2064 libera
961 2026 1013 2065 no·

290 2108 352 2166 stris

210 2211 345 2282 Disfidet,
366 2221 514 2268 externam
528 2229 599 2280 reor,
619 2221 649 2268 et
663 2210 700 2267 fic
713 2210 805 2267 dicere
819 2210 914 2269 divos:

209 2314 248 2371 Et
261 2314 370 2382 Turno,
391 2314 412 2370 s1
424 2313 518 2389 prima
532 2313 634 2369 domus
648 2322 793 2389 repetatur
805 2313 895 2389 origo,

208 2416 333 2474 Inachus
347 2416 529 2491 Acrisiusque
542 2423 645 2491 patres,
666 2415 825 2491 mediaeque
839 2414 997 2492 Mycenae.¹

249 2519 305 2576 His
318 2519 367 2576 ubi
382 2517 577 2593 nequidquam
590 2517 672 2574 dictis
688 2528 804 2593 experta
818 2518 958 2577 Latinum

209 2622 319 2679 Contra
332 2621 402 2678 stare
415 2619 502 2688 videt,
522 2620 695 2695 penitusque
708 2619 738 2675 in
753 2616 859 2679 viscera
872 2621 984 2679 labsum

210 2722 352 2799 Serpentis
365 2722 468 2779 furiale
481 2721 600 2788 malum,
620 2729 769 2797 totamque
779 2732 918 2798 pererrat3

207 2828 287 2885 Tum
300 2845 366 2883 vero
378 2825 492 2894 infelix,
513 2823 680 2901 ingentibus
693 2824 787 2881 excita
802 2824 940 2893 monstris,

208 2929 371 2987 Inmensum
385 2928 444 2986 fine
457 2946 537 2985 more
549 2927 621 2985 furit
633 2926 780 3003 lymphata
794 2946 847 3002 per
858 2926 974 2984 urbem:
998 2946 1001 2951 ’

208 3033 272 3089 Ceu
285 3034 428 3107 quondam
443 3042 519 3089 torto
531 3030 654 3089 volitans
667 3030 719 3087 sub
732 3032 848 3088 verbere
862 3032 957 3100 turbo,

208 3135 307 3191 Quem
320 3136 410 3211 pueri,
430 3155 536 3211 magno
548 3135 579 3191 in
599 3153 680 3211 gyro,
700 3152 789 3191 vacua
803 3132 874 3191 atria
889 3129 1007 3202 circum,

206 3235 318 3295 Intenti
331 3237 410 3307 ludo,
429 3246 564 3296 exercent
568 3262 578 3311 5
599 3237 651 3294 ille
663 3236 741 3294 aetus
754 3231 875 3308 habena,
940 3234 942 3239 '

265 3352 338 3397 von.
354 3356 393 3396 11.
601 3356 613 3393 1
