2509 3875
302 272 362 333 260
560 270 839 343 AENEIDOS,
989 278 1100 333 uim.

303 430 369 488 Noc
379 426 498 499 sonitus,
512 418 631 499 memor,
642 436 692 487 aut
701 427 842 487 venientia
854 428 891 487 ab
902 424 1087 502 aethere‘telh

303 530 391 589 Halia
404 529 456 587 sub
468 530 609 589 exsertam
621 531 713 590 donec
724 531 832 607 perlata
844 530 982 607 papillam

303 631 403 703 Haelit,
418 630 638 709 virgineumque
650 632 707 690 alte
719 632 795 691 bibit
807 632 868 690 aaa
881 650 1019 691 emonem.

303 734 487 793 Concurrunt
497 734 614 810 trepidae
622 733 749 805 comites,
756 734 958 811 dominamque
966 744 1106 795 ruentem

304 835 476 913 Suscipiunt.
517 836 602 913 Fugit
615 844 684 894 ante
697 836 790 894 omnia
801 836 953 895 attonitus
964 838 1093 907 Arruns,

303 936 420 997 Laetitia
433 937 582 1013 mixtoque
595 948 689 1005 motu:
711 954 764 994 neo
772 936 833 1014 jam
846 937 968 1014 amplius
980 938 1073 997 hastan

304 1040 436 1107 Credere,
457 1058 510 1097 noc
524 1038 588 1097 telio
600 1056 747 1097 oocurrere
759 1037 879 1115 virginio
892 1040 988 1097 audet.

303 1142 350 1198 Ac
362 1140 441 1197 velut
453 1140 512 1211 ille,
532 1140 610 1217 priua
623 1160 710 1217 quam
723 1141 779 1198 tela
791 1140 910 1198 inimica
922 1141 1093 1217 sequantur,

304 1240 452 1299 Continuo
463 1240 494 1299 in
506 1242 613 1301 montis
625 1242 684 1301 sese
696 1241 776 1301 avius
788 1242 899 1300 abdidit
906 1243 990 1312 altos,

303 1342 406 1403 Occiso
417 1344 534 1420 pastore,
553 1344 648 1423 lupus,
667 1363 808 1423 magnove
815 1344 948 1422 juvenco,

304 1444 441 1503 Conscius
453 1444 567 1505 audacis
579 1446 658 1516 fatti,
677 1448 855 1523 caudamque
867 1446 1025 1505 remuloena

304 1546 429 1626 Subjooit
442 1548 618 1625 pavitantem
631 1558 721 1616 utero,
740 1548 877 1624 tilvasque
888 1548 1005 1626 petivit:

304 1650 392 1709 Haud
405 1649 484 1709 focus
496 1670 533 1708 ex
545 1650 636 1709 oculis
648 1650 677 1709 so
690 1650 821 1709 turbidus
833 1651 950 1709 abstulit
962 1652 1090 1724 Anum,

306 1754 523 1830 Contentuoque
536 1753 614 1829 fugi,
635 1752 737 1811 mediis
749 1752 778 1810 se
790 1752 937 1839 inmisouit
949 1753 1045 1813 armis.

343 1856 397 1914 Illa
410 1874 497 1914 manu
510 1854 633 1913 moriens
647 1854 738 1912 telum
750 1853 837 1912 trahit
842 1880 851 1926 ς
872 1854 929 1913 offa
941 1855 990 1913 sed
1002 1856 1084 1915 inter

303 1962 420 2020 Ferrous
432 1961 468 2019 ad
481 1961 566 2018 costas
579 1959 638 2018 alto
650 1959 703 2018 stat
716 1959 833 2018 volnere
845 1979 954 2018 mucro.

305 2063 426 2124 Labitur
438 2061 603 2140 exsanguis;
624 2062 761 2120 labuntur
772 2061 876 2138 frigida
889 2062 948 2120 leto

285 2175 289 2182 “
305 2167 440 2238 Lumina3
460 2185 618 2244 purpureus
630 2166 775 2242 quondam
787 2165 865 2223 color
876 2183 924 2223 ora
936 2165 1068 2242 reliquit.

303 2271 380 2327 'lum
395 2270 432 2326 fio
444 2269 587 2345 exspirans
600 2269 719 2338 Accam,
739 2286 776 2325 ex
789 2267 945 2343 aequalibus
957 2285 1059 2340 unam,

214 2353 215 2360 ἵ
304 2369 480 2444 Adloquitur
485 2395 494 2440 3
516 2371 573 2428 fida
586 2379 653 2427 ante
666 2369 734 2428 alias
747 2389 811 2446 quae
823 2369 881 2427 sola
893 2369 1040 2442 Camillae3

305 2468 432 2527 Quicum
446 2470 545 2545 partiri
557 2489 653 2541 ουτως
673 2479 759 2547 atquo
771 2471 833 2529 hooc
845 2471 885 2529 ita
898 2472 990 2530 fatur:

304 2570 459 2640 Hactenus,
473 2572 550 2628 Acca
561 2570 645 2640 soror,
655 2573 750 2649 potui:
765 2591 843 2631 nunc
849 2573 950 2631 volnus
961 2577 1101 2635 acerbum
1165 2550 1167 2612 Ῑ

304 2673 438 2742 Conficit,
459 2681 489 2730 et
503 2673 624 2730 tenebris
638 2674 802 2751 nigrescunt
814 2675 910 2733 omnia
922 2677 1043 2736 circum.

304 2776 417 2854 Effuge,
437 2783 466 2833 et
479 2776 539 2834 haec
548 2776 648 2832 Turno
662 2777 794 2835 mandata
807 2778 953 2836 noviliima
965 2780 1078 2854 perfer:

276 2891 279 2898 ⁴
304 2880 442 2940 succedat
454 2897 571 2956 pugnoe3
592 2876 730 2954 Trojanoa
741 2889 835 2936 arceat
848 2880 923 2938 urbi.

303 2985 426 3062 Jamque
439 2981 514 3040 valel
536 2977 627 3037 Simul
640 2980 685 3037 his
697 2979 780 3037 dioiia
797 2979 947 3058 linquebat
961 2983 1101 3059 habenas,

304 3087 352 3142 Ad
365 3095 470 3142 terram
483 3101 540 3140 non
554 3081 653 3160 sponte
666 3082 766 3140 fluens.
798 3083 876 3142 Tum
889 3084 994 3162 frigida
1007 3095 1072 3146 toto

304 3185 454 3244 Paullatim
466 3183 585 3243 exsolvit
597 3185 626 3242 se
639 3203 764 3262 corpore,
783 3185 917 3261 lentaque
929 3188 1012 3256 colla,

1033 3313 1115 3378 N.
