<?xml version="1.0" encoding="UTF-8"?>
<!DOCTYPE html PUBLIC "-//W3C//DTD XHTML 1.0 Transitional//EN"
    "http://www.w3.org/TR/xhtml1/DTD/xhtml1-transitional.dtd">
<html xmlns="http://www.w3.org/1999/xhtml" xml:lang="en" lang="en">
 <head>
  <title>
</title>
<meta http-equiv="Content-Type" content="text/html;charset=utf-8" />
  <meta name='ocr-system' content='tesseract 3.04.00' />
  <meta name='ocr-capabilities' content='ocr_page ocr_carea ocr_par ocr_line ocrx_word'/>
</head>
<body>
  <div class='ocr_page' id='page_1' title='image "./pvirgiliimaroni01wakegoog/pvirgiliimaroni01wakegoog_0145.png"; bbox 0 0 2509 3875; ppageno 0'>
   <div class='ocr_carea' id='block_1_1' title="bbox 195 382 991 442">
    <p class='ocr_par' dir='ltr' id='par_1_1' title="bbox 195 382 991 442">
     <span class='ocr_line' id='line_1_1' title="bbox 195 382 991 442; baseline 0.005 -4"><span class='ocrx_word' id='word_1_1' title='bbox 195 397 226 438; x_wconf 75' lang='lat' dir='ltr'><strong>v.</strong></span> <span class='ocrx_word' id='word_1_2' title='bbox 239 386 288 439; x_wconf 77' lang='lat'><strong>4³.</strong></span> <span class='ocrx_word' id='word_1_3' title='bbox 486 382 583 440; x_wconf 87' lang='lat' dir='ltr'>LIB.</span> <span class='ocrx_word' id='word_1_4' title='bbox 622 383 707 442; x_wconf 85' lang='lat' dir='ltr'>VIII.</span> <span class='ocrx_word' id='word_1_5' title='bbox 937 388 991 442; x_wconf 77' lang='lat'><strong>133</strong></span> 
     </span>
    </p>
   </div>
   <div class='ocr_carea' id='block_1_2' title="bbox 186 534 990 1434">
    <p class='ocr_par' dir='ltr' id='par_1_2' title="bbox 195 534 818 614">
     <span class='ocr_line' id='line_1_2' title="bbox 195 534 818 614; baseline 0.002 -20"><span class='ocrx_word' id='word_1_6' title='bbox 195 534 319 594; x_wconf 88' lang='lat' dir='ltr'><strong>Litoreis</strong></span> <span class='ocrx_word' id='word_1_7' title='bbox 330 535 433 614; x_wconf 88' lang='lat' dir='ltr'><strong>iugens</strong></span> <span class='ocrx_word' id='word_1_8' title='bbox 445 538 561 597; x_wconf 88' lang='lat' dir='ltr'><strong>inventa</strong></span> <span class='ocrx_word' id='word_1_9' title='bbox 572 539 625 597; x_wconf 90' lang='lat' dir='ltr'><strong>sub</strong></span> <span class='ocrx_word' id='word_1_10' title='bbox 637 539 751 597; x_wconf 81' lang='lat' dir='ltr'><strong>ilicibus</strong></span> <span class='ocrx_word' id='word_1_11' title='bbox 764 538 818 607; x_wconf 88' lang='lat' dir='ltr'><strong>sus,</strong></span> 
     </span>
    </p>

    <p class='ocr_par' dir='ltr' id='par_1_3' title="bbox 195 638 802 720">
     <span class='ocr_line' id='line_1_3' title="bbox 195 638 802 720; baseline 0.008 -24"><span class='ocrx_word' id='word_1_12' title='bbox 195 638 329 715; x_wconf 82' lang='lat' dir='ltr'><strong>Triginta</strong></span> <span class='ocrx_word' id='word_1_13' title='bbox 341 640 469 716; x_wconf 85' lang='lat' dir='ltr'><strong>capitum</strong></span> <span class='ocrx_word' id='word_1_14' title='bbox 481 643 558 700; x_wconf 90' lang='lat' dir='ltr'><strong>setus</strong></span> <span class='ocrx_word' id='word_1_15' title='bbox 569 644 664 714; x_wconf 82' lang='lat' dir='ltr'><strong>enixa,</strong></span> <span class='ocrx_word' id='word_1_16' title='bbox 679 642 802 720; x_wconf 87' lang='lat' dir='ltr'><strong>jacebit;</strong></span> 
     </span>
    </p>

    <p class='ocr_par' dir='ltr' id='par_1_4' title="bbox 194 740 911 814">
     <span class='ocr_line' id='line_1_4' title="bbox 194 740 911 814; baseline -0.001 -14"><span class='ocrx_word' id='word_1_17' title='bbox 194 741 282 809; x_wconf 82' lang='lat' dir='ltr'><strong>Alba,</strong></span> <span class='ocrx_word' id='word_1_18' title='bbox 301 740 361 799; x_wconf 91' lang='lat' dir='ltr'><strong>solo</strong></span> <span class='ocrx_word' id='word_1_19' title='bbox 373 744 520 814; x_wconf 78' lang='lat' dir='ltr'>recubans,</span> <span class='ocrx_word' id='word_1_20' title='bbox 539 743 598 801; x_wconf 85' lang='lat' dir='ltr'><strong>albi</strong></span> <span class='ocrx_word' id='word_1_21' title='bbox 609 744 719 802; x_wconf 87' lang='lat' dir='ltr'><strong>circum</strong></span> <span class='ocrx_word' id='word_1_22' title='bbox 732 745 821 802; x_wconf 88' lang='lat' dir='ltr'><strong>ubera</strong></span> <span class='ocrx_word' id='word_1_23' title='bbox 833 742 911 800; x_wconf 72' lang='lat' dir='ltr'><strong>natis</strong></span> 
     </span>
    </p>

    <p class='ocr_par' dir='ltr' id='par_1_5' title="bbox 193 842 941 1127">
     <span class='ocr_line' id='line_1_5' title="bbox 195 842 941 921; baseline -0.003 -19"><span class='ocrx_word' id='word_1_24' title='bbox 195 842 255 902; x_wconf 87' lang='lat' dir='ltr'><strong>Hic</strong></span> <span class='ocrx_word' id='word_1_25' title='bbox 266 844 345 901; x_wconf 88' lang='lat' dir='ltr'><strong>locus</strong></span> <span class='ocrx_word' id='word_1_26' title='bbox 357 845 436 902; x_wconf 87' lang='lat' dir='ltr'><strong>urbis</strong></span> <span class='ocrx_word' id='word_1_27' title='bbox 447 846 512 914; x_wconf 84' lang='lat' dir='ltr'><strong>erit,</strong></span> <span class='ocrx_word' id='word_1_28' title='bbox 532 847 643 921; x_wconf 84' lang='lat' dir='ltr'><strong>requies</strong></span> <span class='ocrx_word' id='word_1_29' title='bbox 655 865 688 904; x_wconf 86' lang='lat' dir='ltr'><strong>ea</strong></span> <span class='ocrx_word' id='word_1_30' title='bbox 701 855 777 904; x_wconf 85' lang='lat' dir='ltr'><strong>certa</strong></span> <span class='ocrx_word' id='word_1_31' title='bbox 791 846 941 903; x_wconf 88' lang='lat' dir='ltr'><strong>laborum:</strong></span> 
     </span>
     <span class='ocr_line' id='line_1_6' title="bbox 193 945 867 1021; baseline 0.003 -19"><span class='ocrx_word' id='word_1_32' title='bbox 193 945 312 1021; x_wconf 81' lang='lat' dir='ltr'><strong>Exque</strong></span> <span class='ocrx_word' id='word_1_33' title='bbox 324 954 370 1003; x_wconf 86' lang='lat' dir='ltr'><strong>ter</strong></span> <span class='ocrx_word' id='word_1_34' title='bbox 380 947 461 1005; x_wconf 88' lang='lat' dir='ltr'><strong>denis</strong></span> <span class='ocrx_word' id='word_1_35' title='bbox 472 950 575 1006; x_wconf 88' lang='lat' dir='ltr'><strong>urbem</strong></span> <span class='ocrx_word' id='word_1_36' title='bbox 587 949 772 1008; x_wconf 75' lang='lat' dir='ltr'><strong>redeuntibus</strong></span> <span class='ocrx_word' id='word_1_37' title='bbox 786 947 867 1006; x_wconf 84' lang='lat' dir='ltr'><strong>annis</strong></span> 
     </span>
     <span class='ocr_line' id='line_1_7' title="bbox 194 1046 854 1127; baseline 0.002 -21"><span class='ocrx_word' id='word_1_38' title='bbox 194 1046 336 1106; x_wconf 80' lang='lat' dir='ltr'><strong>Ascanius</strong></span> <span class='ocrx_word' id='word_1_39' title='bbox 349 1049 418 1106; x_wconf 88' lang='lat' dir='ltr'><strong>clari</strong></span> <span class='ocrx_word' id='word_1_40' title='bbox 429 1051 533 1107; x_wconf 90' lang='lat' dir='ltr'><strong>condet</strong></span> <span class='ocrx_word' id='word_1_41' title='bbox 545 1049 724 1127; x_wconf 81' lang='lat' dir='ltr'><strong>cognominis</strong></span> <span class='ocrx_word' id='word_1_42' title='bbox 737 1049 854 1107; x_wconf 78' lang='lat' dir='ltr'><strong>Albam.</strong></span> 
     </span>
    </p>

    <p class='ocr_par' dir='ltr' id='par_1_6' title="bbox 186 1149 990 1434">
     <span class='ocr_line' id='line_1_8' title="bbox 193 1149 990 1227; baseline -0.001 -19"><span class='ocrx_word' id='word_1_43' title='bbox 193 1149 284 1208; x_wconf 84' lang='lat' dir='ltr'><strong>Haud</strong></span> <span class='ocrx_word' id='word_1_44' title='bbox 294 1149 403 1207; x_wconf 88' lang='lat' dir='ltr'><strong>incerta</strong></span> <span class='ocrx_word' id='word_1_45' title='bbox 412 1169 494 1208; x_wconf 86' lang='lat' dir='ltr'><strong>cano.</strong></span> <span class='ocrx_word' id='word_1_46' title='bbox 516 1153 605 1209; x_wconf 90' lang='lat' dir='ltr'><strong>Nunc</strong></span> <span class='ocrx_word' id='word_1_47' title='bbox 613 1151 671 1227; x_wconf 71' lang='lat' dir='ltr'><strong>qui</strong></span> <span class='ocrx_word' id='word_1_48' title='bbox 684 1151 802 1220; x_wconf 87' lang='lat' dir='ltr'><strong>ratione,</strong></span> <span class='ocrx_word' id='word_1_49' title='bbox 811 1151 888 1226; x_wconf 87' lang='lat' dir='ltr'><strong>quod</strong></span> <span class='ocrx_word' id='word_1_50' title='bbox 898 1149 990 1220; x_wconf 79' lang='lat' dir='ltr'><strong>instat,</strong></span> 
     </span>
     <span class='ocr_line' id='line_1_9' title="bbox 186 1252 854 1330; baseline 0.003 -20"><span class='ocrx_word' id='word_1_51' title='bbox 186 1252 336 1328; x_wconf 83' lang='lat' dir='ltr'><strong>-Expedias</strong></span> <span class='ocrx_word' id='word_1_52' title='bbox 348 1252 448 1323; x_wconf 73' lang='lat' dir='ltr'><strong>vistor,</strong></span> <span class='ocrx_word' id='word_1_53' title='bbox 467 1255 574 1330; x_wconf 81' lang='lat' dir='ltr'><strong>paucis,</strong></span> <span class='ocrx_word' id='word_1_54' title='bbox 593 1256 718 1323; x_wconf 84' lang='lat' dir='ltr'><strong>adverte,</strong></span> <span class='ocrx_word' id='word_1_55' title='bbox 737 1256 854 1312; x_wconf 82' lang='lat' dir='ltr'><strong>docebo.</strong></span> 
     </span>
     <span class='ocr_line' id='line_1_10' title="bbox 193 1355 928 1434; baseline 0.003 -22"><span class='ocrx_word' id='word_1_56' title='bbox 193 1356 321 1413; x_wconf 88' lang='lat' dir='ltr'><strong>Arcades</strong></span> <span class='ocrx_word' id='word_1_57' title='bbox 333 1355 377 1412; x_wconf 88' lang='lat' dir='ltr'><strong>his</strong></span> <span class='ocrx_word' id='word_1_58' title='bbox 388 1357 454 1426; x_wconf 88' lang='lat' dir='ltr'><strong>oris,</strong></span> <span class='ocrx_word' id='word_1_59' title='bbox 475 1358 579 1432; x_wconf 91' lang='lat' dir='ltr'><strong>(genus</strong></span> <span class='ocrx_word' id='word_1_60' title='bbox 591 1376 608 1414; x_wconf 86' lang='lat' dir='ltr'><strong>a</strong></span> <span class='ocrx_word' id='word_1_61' title='bbox 621 1358 748 1415; x_wconf 83' lang='lat' dir='ltr'>Pallante</span> <span class='ocrx_word' id='word_1_62' title='bbox 760 1357 928 1434; x_wconf 69' lang='lat' dir='ltr'><strong>profestum,</strong></span> 
     </span>
    </p>
   </div>
   <div class='ocr_carea' id='block_1_3' title="bbox 194 1457 1009 1536">
    <p class='ocr_par' dir='ltr' id='par_1_7' title="bbox 194 1457 1009 1536">
     <span class='ocr_line' id='line_1_11' title="bbox 194 1457 1009 1536; baseline 0.004 -23"><span class='ocrx_word' id='word_1_63' title='bbox 194 1457 258 1514; x_wconf 84' lang='lat' dir='ltr'><strong>Qui</strong></span> <span class='ocrx_word' id='word_1_64' title='bbox 269 1475 368 1534; x_wconf 85' lang='lat' dir='ltr'><strong>regem</strong></span> <span class='ocrx_word' id='word_1_65' title='bbox 381 1457 546 1516; x_wconf 86' lang='lat' dir='ltr'><strong>Evandrum</strong></span> <span class='ocrx_word' id='word_1_66' title='bbox 557 1458 686 1529; x_wconf 80' lang='lat' dir='ltr'><strong>comites,</strong></span> <span class='ocrx_word' id='word_1_67' title='bbox 706 1459 757 1535; x_wconf 94' lang='lat' dir='ltr'><strong>qui</strong></span> <span class='ocrx_word' id='word_1_68' title='bbox 771 1459 848 1536; x_wconf 86' lang='lat' dir='ltr'><strong>figna</strong></span> <span class='ocrx_word' id='word_1_69' title='bbox 862 1457 962 1526; x_wconf 90' lang='lat' dir='ltr'><strong>secuti,</strong></span> <span class='ocrx_word' id='word_1_70' title='bbox 1006 1483 1009 1498; x_wconf 49' lang='grc' dir='ltr'>ι</span> 
     </span>
    </p>
   </div>
   <div class='ocr_carea' id='block_1_4' title="bbox 186 1559 978 2250">
    <p class='ocr_par' dir='ltr' id='par_1_8' title="bbox 186 1559 958 1738">
     <span class='ocr_line' id='line_1_12' title="bbox 193 1559 958 1637; baseline 0 -19"><span class='ocrx_word' id='word_1_71' title='bbox 193 1559 336 1636; x_wconf 87' lang='lat' dir='ltr'><strong>Delegere</strong></span> <span class='ocrx_word' id='word_1_72' title='bbox 348 1560 453 1629; x_wconf 89' lang='lat' dir='ltr'><strong>locum,</strong></span> <span class='ocrx_word' id='word_1_73' title='bbox 473 1567 503 1616; x_wconf 87' lang='lat' dir='ltr'><strong>et</strong></span> <span class='ocrx_word' id='word_1_74' title='bbox 514 1559 632 1637; x_wconf 83' lang='lat' dir='ltr'><strong>posuere</strong></span> <span class='ocrx_word' id='word_1_75' title='bbox 644 1560 675 1617; x_wconf 92' lang='lat' dir='ltr'><strong>iu</strong></span> <span class='ocrx_word' id='word_1_76' title='bbox 688 1560 834 1618; x_wconf 87' lang='lat' dir='ltr'><strong>montibus</strong></span> <span class='ocrx_word' id='word_1_77' title='bbox 849 1563 958 1628; x_wconf 88' lang='lat' dir='ltr'><strong>urbem,</strong></span> 
     </span>
     <span class='ocr_line' id='line_1_13' title="bbox 186 1660 823 1738; baseline 0.002 -19"><span class='ocrx_word' id='word_1_78' title='bbox 186 1660 329 1725; x_wconf 75' lang='lat' dir='ltr'><strong>,Pallantis</strong></span> <span class='ocrx_word' id='word_1_79' title='bbox 340 1661 440 1738; x_wconf 85' lang='lat' dir='ltr'><strong>proavi</strong></span> <span class='ocrx_word' id='word_1_80' title='bbox 453 1661 489 1718; x_wconf 88' lang='lat' dir='ltr'><strong>de</strong></span> <span class='ocrx_word' id='word_1_81' title='bbox 502 1661 619 1725; x_wconf 83' lang='lat' dir='ltr'><strong>nomine¹</strong></span> <span class='ocrx_word' id='word_1_82' title='bbox 634 1662 823 1734; x_wconf 80' lang='lat' dir='ltr'><strong>Pallanteum)</strong></span> 
     </span>
    </p>

    <p class='ocr_par' dir='ltr' id='par_1_9' title="bbox 193 1759 919 1941">
     <span class='ocr_line' id='line_1_14' title="bbox 193 1759 919 1840; baseline -0.001 -19"><span class='ocrx_word' id='word_1_83' title='bbox 193 1762 239 1821; x_wconf 84' lang='lat' dir='ltr'><strong>Hi</strong></span> <span class='ocrx_word' id='word_1_84' title='bbox 250 1763 358 1820; x_wconf 91' lang='lat' dir='ltr'><strong>bellum</strong></span> <span class='ocrx_word' id='word_1_85' title='bbox 370 1763 485 1821; x_wconf 81' lang='lat' dir='ltr'><strong>adfidue</strong></span> <span class='ocrx_word' id='word_1_86' title='bbox 498 1764 608 1821; x_wconf 88' lang='lat' dir='ltr'><strong>ducunt</strong></span> <span class='ocrx_word' id='word_1_87' title='bbox 620 1781 688 1820; x_wconf 91' lang='lat' dir='ltr'><strong>cum</strong></span> <span class='ocrx_word' id='word_1_88' title='bbox 702 1771 789 1840; x_wconf 89' lang='lat' dir='ltr'><strong>geute</strong></span> <span class='ocrx_word' id='word_1_89' title='bbox 802 1759 919 1833; x_wconf 70' lang='lat' dir='ltr'><strong>Latini,</strong></span> 
     </span>
     <span class='ocr_line' id='line_1_15' title="bbox 193 1862 868 1941; baseline -0.003 -18"><span class='ocrx_word' id='word_1_90' title='bbox 193 1866 256 1924; x_wconf 88' lang='lat' dir='ltr'><strong>Hos</strong></span> <span class='ocrx_word' id='word_1_91' title='bbox 269 1864 362 1923; x_wconf 84' lang='lat' dir='ltr'><strong>castris</strong></span> <span class='ocrx_word' id='word_1_92' title='bbox 373 1865 478 1923; x_wconf 89' lang='lat' dir='ltr'><strong>adhibe</strong></span> <span class='ocrx_word' id='word_1_93' title='bbox 490 1864 589 1930; x_wconf 84' lang='lat' dir='ltr'><strong>socios,</strong></span> <span class='ocrx_word' id='word_1_94' title='bbox 609 1873 640 1920; x_wconf 82' lang='lat' dir='ltr'><strong>et</strong></span> <span class='ocrx_word' id='word_1_95' title='bbox 653 1865 759 1922; x_wconf 78' lang='lat' dir='ltr'><strong>foederu</strong></span> <span class='ocrx_word' id='word_1_96' title='bbox 768 1862 868 1941; x_wconf 87' lang='lat' dir='ltr'><strong>junge.</strong></span> 
     </span>
    </p>

    <p class='ocr_par' dir='ltr' id='par_1_10' title="bbox 193 1966 978 2250">
     <span class='ocr_line' id='line_1_16' title="bbox 193 1966 875 2045; baseline -0.007 -19"><span class='ocrx_word' id='word_1_97' title='bbox 193 1968 258 2045; x_wconf 88' lang='lat' dir='ltr'><strong>ipse</strong></span> <span class='ocrx_word' id='word_1_98' title='bbox 271 1987 326 2044; x_wconf 87' lang='lat' dir='ltr'><strong>ego</strong></span> <span class='ocrx_word' id='word_1_99' title='bbox 338 1976 367 2025; x_wconf 85' lang='lat' dir='ltr'><strong>te</strong></span> <span class='ocrx_word' id='word_1_100' title='bbox 379 1968 458 2045; x_wconf 84' lang='lat' dir='ltr'><strong>ripis,</strong></span> <span class='ocrx_word' id='word_1_101' title='bbox 479 1977 509 2026; x_wconf 89' lang='lat' dir='ltr'><strong>et</strong></span> <span class='ocrx_word' id='word_1_102' title='bbox 522 1966 598 2025; x_wconf 70' lang='lat' dir='ltr'><strong>resto</strong></span> <span class='ocrx_word' id='word_1_103' title='bbox 610 1966 741 2033; x_wconf 85' lang='lat' dir='ltr'><strong>flumine,</strong></span> <span class='ocrx_word' id='word_1_104' title='bbox 762 1967 875 2033; x_wconf 88' lang='lat' dir='ltr'><strong>ducam,</strong></span> 
     </span>
     <span class='ocr_line' id='line_1_17' title="bbox 194 2068 923 2146; baseline -0.007 -17"><span class='ocrx_word' id='word_1_105' title='bbox 194 2070 355 2129; x_wconf 81' lang='lat' dir='ltr'><strong>Adversum</strong></span> <span class='ocrx_word' id='word_1_106' title='bbox 367 2070 453 2127; x_wconf 88' lang='lat' dir='ltr'><strong>remis</strong></span> <span class='ocrx_word' id='word_1_107' title='bbox 465 2069 578 2146; x_wconf 89' lang='lat' dir='ltr'><strong>superes</strong></span> <span class='ocrx_word' id='word_1_108' title='bbox 590 2068 738 2126; x_wconf 80' lang='lat' dir='ltr'><strong>subvettus</strong></span> <span class='ocrx_word' id='word_1_109' title='bbox 752 2075 785 2125; x_wconf 93' lang='lat' dir='ltr'><strong>ut</strong></span> <span class='ocrx_word' id='word_1_110' title='bbox 798 2085 923 2125; x_wconf 87' lang='lat' dir='ltr'><strong>amnem.</strong></span> 
     </span>
     <span class='ocr_line' id='line_1_18' title="bbox 194 2168 978 2250; baseline -0.005 -18"><span class='ocrx_word' id='word_1_111' title='bbox 194 2173 285 2250; x_wconf 83' lang='lat' dir='ltr'><strong>Surge</strong></span> <span class='ocrx_word' id='word_1_112' title='bbox 297 2191 360 2248; x_wconf 89' lang='lat' dir='ltr'><strong>age,</strong></span> <span class='ocrx_word' id='word_1_113' title='bbox 381 2181 448 2229; x_wconf 91' lang='lat' dir='ltr'><strong>nate</strong></span> <span class='ocrx_word' id='word_1_114' title='bbox 460 2171 528 2242; x_wconf 60' lang='lat' dir='ltr'><strong>dein</strong></span> <span class='ocrx_word' id='word_1_115' title='bbox 548 2170 705 2247; x_wconf 74' lang='lat' dir='ltr'><strong>primisque</strong></span> <span class='ocrx_word' id='word_1_116' title='bbox 718 2168 887 2227; x_wconf 83' lang='lat' dir='ltr'><strong>cadentibus</strong></span> <span class='ocrx_word' id='word_1_117' title='bbox 900 2168 978 2228; x_wconf 83' lang='lat' dir='ltr'><strong>astris</strong></span> 
     </span>
    </p>
   </div>
   <div class='ocr_carea' id='block_1_5' title="bbox 192 2272 1013 2355">
    <p class='ocr_par' dir='ltr' id='par_1_11' title="bbox 192 2272 1013 2355">
     <span class='ocr_line' id='line_1_19' title="bbox 192 2272 1013 2355; baseline -0.006 -21"><span class='ocrx_word' id='word_1_118' title='bbox 192 2275 301 2355; x_wconf 89' lang='lat' dir='ltr'><strong>Juuoui</strong></span> <span class='ocrx_word' id='word_1_119' title='bbox 315 2275 359 2332; x_wconf 87' lang='lat' dir='ltr'><strong>ser</strong></span> <span class='ocrx_word' id='word_1_120' title='bbox 371 2274 426 2331; x_wconf 90' lang='lat' dir='ltr'><strong>rite</strong></span> <span class='ocrx_word' id='word_1_121' title='bbox 438 2292 548 2350; x_wconf 89' lang='lat' dir='ltr'><strong>preoes;</strong></span> <span class='ocrx_word' id='word_1_122' title='bbox 569 2273 708 2348; x_wconf 85' lang='lat' dir='ltr'><strong>iramque,</strong></span> <span class='ocrx_word' id='word_1_123' title='bbox 727 2272 886 2349; x_wconf 82' lang='lat' dir='ltr'><strong>minasque,</strong></span> <span class='ocrx_word' id='word_1_124' title='bbox 1011 2342 1013 2346; x_wconf 66' lang='lat'><strong>,</strong></span> 
     </span>
    </p>
   </div>
   <div class='ocr_carea' id='block_1_6' title="bbox 185 2374 977 2661">
    <p class='ocr_par' dir='ltr' id='par_1_12' title="bbox 185 2374 977 2661">
     <span class='ocr_line' id='line_1_20' title="bbox 185 2374 953 2456; baseline -0.003 -19"><span class='ocrx_word' id='word_1_125' title='bbox 185 2377 373 2456; x_wconf 44' lang='lat' dir='ltr'><strong>,Supplicibus</strong></span> <span class='ocrx_word' id='word_1_126' title='bbox 385 2376 484 2453; x_wconf 85' lang='lat' dir='ltr'><strong>supera</strong></span> <span class='ocrx_word' id='word_1_127' title='bbox 496 2375 580 2435; x_wconf 84' lang='lat' dir='ltr'><strong>votis.</strong></span> <span class='ocrx_word' id='word_1_128' title='bbox 619 2374 701 2431; x_wconf 88' lang='lat' dir='ltr'><strong>Mihi</strong></span> <span class='ocrx_word' id='word_1_129' title='bbox 713 2374 804 2433; x_wconf 78' lang='lat' dir='ltr'><strong>sititor</strong></span> <span class='ocrx_word' id='word_1_130' title='bbox 815 2374 953 2435; x_wconf 89' lang='lat' dir='ltr'><strong>honorem</strong></span> 
     </span>
     <span class='ocr_line' id='line_1_21' title="bbox 192 2476 977 2555; baseline -0.006 -15"><span class='ocrx_word' id='word_1_131' title='bbox 192 2481 342 2539; x_wconf 87' lang='lat' dir='ltr'><strong>Persolves.</strong></span> <span class='ocrx_word' id='word_1_132' title='bbox 382 2480 445 2555; x_wconf 91' lang='lat' dir='ltr'><strong>Ego</strong></span> <span class='ocrx_word' id='word_1_133' title='bbox 459 2478 531 2546; x_wconf 91' lang='lat' dir='ltr'><strong>sum,</strong></span> <span class='ocrx_word' id='word_1_134' title='bbox 550 2478 636 2554; x_wconf 90' lang='lat' dir='ltr'><strong>pleno</strong></span> <span class='ocrx_word' id='word_1_135' title='bbox 652 2495 739 2552; x_wconf 86' lang='lat' dir='ltr'><strong>quern</strong></span> <span class='ocrx_word' id='word_1_136' title='bbox 752 2478 874 2536; x_wconf 83' lang='lat' dir='ltr'><strong>flumine</strong></span> <span class='ocrx_word' id='word_1_137' title='bbox 887 2476 977 2545; x_wconf 82' lang='lat' dir='ltr'><strong>cernis</strong></span> 
     </span>
     <span class='ocr_line' id='line_1_22' title="bbox 189 2578 921 2661; baseline -0.004 -21"><span class='ocrx_word' id='word_1_138' title='bbox 189 2583 387 2661; x_wconf 78' lang='lat' dir='ltr'><strong>stringentem</strong></span> <span class='ocrx_word' id='word_1_139' title='bbox 400 2580 483 2657; x_wconf 84' lang='lat' dir='ltr'><strong>ripas,</strong></span> <span class='ocrx_word' id='word_1_140' title='bbox 502 2587 532 2636; x_wconf 90' lang='lat' dir='ltr'><strong>et</strong></span> <span class='ocrx_word' id='word_1_141' title='bbox 545 2578 665 2656; x_wconf 85' lang='lat' dir='ltr'><strong>pinguia</strong></span> <span class='ocrx_word' id='word_1_142' title='bbox 677 2580 757 2637; x_wconf 86' lang='lat' dir='ltr'><strong>culta</strong></span> <span class='ocrx_word' id='word_1_143' title='bbox 769 2578 921 2649; x_wconf 81' lang='lat' dir='ltr'><strong>secantem,</strong></span> 
     </span>
    </p>
   </div>
   <div class='ocr_carea' id='block_1_7' title="bbox 70 2679 873 2759">
    <p class='ocr_par' dir='ltr' id='par_1_13' title="bbox 70 2679 873 2759">
     <span class='ocr_line' id='line_1_23' title="bbox 70 2679 873 2759; baseline -0.004 -17"><span class='ocrx_word' id='word_1_144' title='bbox 70 2688 84 2692; x_wconf 64' lang='lat'><em>⁷</em></span> <span class='ocrx_word' id='word_1_145' title='bbox 102 2686 109 2690; x_wconf 80' lang='grc'><strong>’</strong></span> <span class='ocrx_word' id='word_1_146' title='bbox 191 2682 337 2742; x_wconf 73' lang='lat' dir='ltr'><strong>Caeruleus</strong></span> <span class='ocrx_word' id='word_1_147' title='bbox 349 2681 483 2759; x_wconf 86' lang='lat' dir='ltr'><strong>Thybris,</strong></span> <span class='ocrx_word' id='word_1_148' title='bbox 501 2681 573 2738; x_wconf 85' lang='lat' dir='ltr'><strong>coelo</strong></span> <span class='ocrx_word' id='word_1_149' title='bbox 586 2679 759 2757; x_wconf 75' lang='lat' dir='ltr'><strong>gratissimus</strong></span> <span class='ocrx_word' id='word_1_150' title='bbox 772 2682 873 2739; x_wconf 88' lang='lat' dir='ltr'><strong>amnis.</strong></span> 
     </span>
    </p>
   </div>
   <div class='ocr_carea' id='block_1_8' title="bbox 190 2782 987 3367">
    <p class='ocr_par' dir='ltr' id='par_1_14' title="bbox 190 2782 987 3367">
     <span class='ocr_line' id='line_1_24' title="bbox 190 2782 987 2860; baseline -0.006 -15"><span class='ocrx_word' id='word_1_151' title='bbox 190 2785 251 2845; x_wconf 84' lang='lat' dir='ltr'><strong>Hic</strong></span> <span class='ocrx_word' id='word_1_152' title='bbox 261 2783 334 2841; x_wconf 88' lang='lat' dir='ltr'><strong>mibi</strong></span> <span class='ocrx_word' id='word_1_153' title='bbox 346 2802 451 2859; x_wconf 88' lang='lat' dir='ltr'><strong>magna</strong></span> <span class='ocrx_word' id='word_1_154' title='bbox 461 2782 572 2851; x_wconf 88' lang='lat' dir='ltr'><strong>domus,</strong></span> <span class='ocrx_word' id='word_1_155' title='bbox 584 2782 664 2840; x_wconf 85' lang='lat' dir='ltr'><strong>cellis</strong></span> <span class='ocrx_word' id='word_1_156' title='bbox 675 2792 762 2860; x_wconf 88' lang='lat' dir='ltr'><strong>caput</strong></span> <span class='ocrx_word' id='word_1_157' title='bbox 774 2783 902 2852; x_wconf 86' lang='lat' dir='ltr'><strong>urbibus,</strong></span> <span class='ocrx_word' id='word_1_158' title='bbox 916 2782 987 2841; x_wconf 77' lang='lat' dir='ltr'><strong>exit.</strong></span> 
     </span>
     <span class='ocr_line' id='line_1_25' title="bbox 230 2883 927 2956; baseline -0.006 -12"><span class='ocrx_word' id='word_1_159' title='bbox 230 2886 314 2945; x_wconf 75' lang='lat' dir='ltr'><strong>Dixit</strong></span> <span class='ocrx_word' id='word_1_160' title='bbox 321 2911 329 2956; x_wconf 89' lang='lat'>;</span> <span class='ocrx_word' id='word_1_161' title='bbox 350 2886 454 2944; x_wconf 89' lang='lat' dir='ltr'><strong>deinde</strong></span> <span class='ocrx_word' id='word_1_162' title='bbox 465 2886 532 2943; x_wconf 91' lang='lat' dir='ltr'><strong>lacu</strong></span> <span class='ocrx_word' id='word_1_163' title='bbox 544 2884 660 2943; x_wconf 87' lang='lat' dir='ltr'><strong>Fluvius</strong></span> <span class='ocrx_word' id='word_1_164' title='bbox 673 2883 701 2941; x_wconf 87' lang='lat' dir='ltr'><strong>se</strong></span> <span class='ocrx_word' id='word_1_165' title='bbox 714 2884 844 2942; x_wconf 87' lang='lat' dir='ltr'><strong>condidit</strong></span> <span class='ocrx_word' id='word_1_166' title='bbox 857 2885 927 2951; x_wconf 87' lang='lat' dir='ltr'><strong>alto,</strong></span> 
     </span>
     <span class='ocr_line' id='line_1_26' title="bbox 191 2984 944 3064; baseline -0.007 -16"><span class='ocrx_word' id='word_1_167' title='bbox 191 2991 254 3048; x_wconf 88' lang='lat' dir='ltr'><strong>Ima</strong></span> <span class='ocrx_word' id='word_1_168' title='bbox 265 2997 379 3064; x_wconf 84' lang='lat' dir='ltr'><strong>petens:</strong></span> <span class='ocrx_word' id='word_1_169' title='bbox 403 3006 460 3045; x_wconf 81' lang='lat' dir='ltr'><strong>nox</strong></span> <span class='ocrx_word' id='word_1_170' title='bbox 472 2988 598 3053; x_wconf 84' lang='lat' dir='ltr'><strong>AEnean,</strong></span> <span class='ocrx_word' id='word_1_171' title='bbox 617 2986 797 3063; x_wconf 85' lang='lat' dir='ltr'><strong>somnusque,</strong></span> <span class='ocrx_word' id='word_1_172' title='bbox 818 2984 944 3061; x_wconf 85' lang='lat' dir='ltr'><strong>reliquit.</strong></span> 
     </span>
     <span class='ocr_line' id='line_1_27' title="bbox 192 3087 850 3167; baseline -0.006 -18"><span class='ocrx_word' id='word_1_173' title='bbox 192 3089 298 3167; x_wconf 89' lang='lat' dir='ltr'><strong>Surgit,</strong></span> <span class='ocrx_word' id='word_1_174' title='bbox 318 3098 358 3160; x_wconf 88' lang='lat' dir='ltr'><strong>et,</strong></span> <span class='ocrx_word' id='word_1_175' title='bbox 378 3089 489 3146; x_wconf 83' lang='lat' dir='ltr'><strong>aetherii</strong></span> <span class='ocrx_word' id='word_1_176' title='bbox 504 3088 630 3166; x_wconf 63' lang='lat' dir='ltr'><strong>speetans</strong></span> <span class='ocrx_word' id='word_1_177' title='bbox 642 3088 764 3147; x_wconf 86' lang='lat' dir='ltr'><strong>orientia</strong></span> <span class='ocrx_word' id='word_1_178' title='bbox 778 3087 850 3145; x_wconf 88' lang='lat' dir='ltr'><strong>Solis</strong></span> 
     </span>
     <span class='ocr_line' id='line_1_28' title="bbox 192 3189 903 3267; baseline -0.003 -15"><span class='ocrx_word' id='word_1_179' title='bbox 192 3192 325 3262; x_wconf 86' lang='lat' dir='ltr'><strong>Lumina,</strong></span> <span class='ocrx_word' id='word_1_180' title='bbox 344 3191 400 3251; x_wconf 90' lang='lat' dir='ltr'><strong>rite</strong></span> <span class='ocrx_word' id='word_1_181' title='bbox 411 3192 487 3250; x_wconf 84' lang='lat' dir='ltr'><strong>cavis</strong></span> <span class='ocrx_word' id='word_1_182' title='bbox 498 3192 606 3250; x_wconf 92' lang='lat' dir='ltr'><strong>undam</strong></span> <span class='ocrx_word' id='word_1_183' title='bbox 619 3193 656 3249; x_wconf 91' lang='lat' dir='ltr'><strong>de</strong></span> <span class='ocrx_word' id='word_1_184' title='bbox 668 3191 788 3249; x_wconf 87' lang='lat' dir='ltr'><strong>flumine</strong></span> <span class='ocrx_word' id='word_1_185' title='bbox 801 3189 903 3267; x_wconf 80' lang='lat' dir='ltr'><strong>palmIs</strong></span> 
     </span>
     <span class='ocr_line' id='line_1_29' title="bbox 192 3289 846 3367; baseline -0.008 -12"><span class='ocrx_word' id='word_1_186' title='bbox 192 3297 320 3367; x_wconf 87' lang='lat' dir='ltr'><strong>Sustulit,</strong></span> <span class='ocrx_word' id='word_1_187' title='bbox 339 3315 373 3355; x_wconf 87' lang='lat' dir='ltr'><strong>ac</strong></span> <span class='ocrx_word' id='word_1_188' title='bbox 386 3296 450 3354; x_wconf 86' lang='lat' dir='ltr'><strong>talis</strong></span> <span class='ocrx_word' id='word_1_189' title='bbox 462 3294 586 3354; x_wconf 86' lang='lat' dir='ltr'><strong>effundit</strong></span> <span class='ocrx_word' id='word_1_190' title='bbox 598 3289 634 3361; x_wconf 83' lang='lat' dir='ltr'><strong>ad</strong></span> <span class='ocrx_word' id='word_1_191' title='bbox 646 3293 753 3367; x_wconf 60' lang='lat' dir='ltr'><strong>ethera</strong></span> <span class='ocrx_word' id='word_1_192' title='bbox 764 3312 846 3351; x_wconf 84' lang='lat' dir='ltr'><strong>voces</strong></span> 
     </span>
    </p>
   </div>
   <div class='ocr_carea' id='block_1_9' title="bbox 0 0 1260 3875">
    <p class='ocr_par' dir='ltr' id='par_1_15' title="bbox 0 0 1260 3875">
     <span class='ocr_line' id='line_1_30' title="bbox 0 0 1260 3875; baseline 0 0"><span class='ocrx_word' id='word_1_193' title='bbox 0 0 1260 3875; x_wconf 95' lang='lat' dir='ltr'><strong> </strong></span> 
     </span>
    </p>
   </div>
  </div>
 </body>
</html>
