2509 3875
238 358 344 431 erno.
524 348 623 404 cro.
663 347 763 406 vm..
882 333 885 338 ’
978 359 1034 424 139
1106 388 1108 393 -

239 505 299 564 Ore
312 523 428 562 vomens
440 504 524 581 ignis,
544 503 649 580 magni
662 503 690 562 se
703 504 779 562 mole
791 506 910 564 serebat.

239 608 356 666 Adtulit
368 618 399 666 et
411 608 494 665 nobie
505 607 660 682 aliquando
671 608 835 684 optantibus
849 621 915 668 aetas

238 711 402 782 Auxilium,
415 712 626 786 adventumque
637 710 694 768 dei.
732 712 763 768 N
764 731 811 768 am
824 731 975 772 maxumus
987 716 1032 773 ul-

317 823 371 883 tor,

239 918 405 995 Tergemini
419 937 489 975 nece
500 918 650 994 Geryonae,
669 917 829 994 spoliisque,
848 919 992 996 superbus,
1024 961 1027 966 -

239 1021 355 1078 Alcides
367 1021 472 1090 aderat,
482 1031 644 1096 taurosque
657 1021 711 1079 hic
723 1023 811 1079 vidior
823 1025 925 1100 agebat

239 1124 384 1200 Ingentia3
404 1125 566 1199 vallemque
578 1126 672 1192 boves,
686 1143 864 1202 amnemque,
885 1129 1030 1188 tenebant.

225 1216 228 1222 ¹
239 1228 283 1284 At
295 1227 369 1284 furia
381 1227 450 1284 Caci
463 1247 543 1284 mens
555 1227 651 1297 effera,
671 1246 708 1285 ne
721 1230 790 1303 quid
802 1229 943 1301 inausum,

240 1333 303 1391 Aut
314 1331 490 1388 intentatum
502 1331 645 1388 scelerisve
658 1331 752 1388 dolive
764 1331 868 1401 fuisset,

241 1433 540 1501 numerauimus,
560 1433 701 1509 praestanti
715 1453 839 1510 corpore,
860 1445 955 1495 tauros

229 1515 364 1605 ‘Avertit
384 1537 504 1594 totidem
517 1537 609 1594 sonui
620 1537 770 1611 superante
778 1535 928 1613 juvencas:

162 1654 164 1661 ·
240 1639 339 1716 Atque
351 1640 412 1708 hos,
433 1657 470 1696 ne
482 1659 539 1715 qua
551 1639 645 1724 forent
663 1640 782 1715 pedibus
794 1641 909 1717 vestigia
923 1643 1030 1712 redies

240 1744 339 1800 Caudi
351 1743 383 1800 in
396 1742 559 1819 speluncam
572 1743 684 1812 tractos,
704 1743 843 1819 versuque
855 1745 966 1803 viarum

239 1846 367 1915 Iudiciis,
386 1857 482 1923 raptor
492 1845 559 1902 saxo
571 1845 733 1902 occultabat
744 1865 840 1922 opaco.

242 1950 391 2008 Quaerenti
404 1950 483 2007 nulla
496 1951 532 2007 ad
544 1948 708 2025 speluncam
724 1949 802 2026 figna
814 1950 952 2009 serebant.

239 2055 361 2123 Interea,
381 2072 472 2129 quum
480 2052 542 2129 jam
555 2051 668 2109 stabulis
680 2050 802 2109 saturata
816 2064 941 2111 moveret

240 2157 511 2234 Amphitryoniades
523 2164 659 2226 armenta,
679 2156 844 2231 abitumque
858 2166 978 2233 pararet,

240 2260 368 2319 Disceffu
379 2259 492 2336 mugire
505 2262 599 2327 boves,
618 2268 704 2333 atque
717 2278 801 2317 omne
814 2260 935 2335 querelis

240 2363 348 2441 Inpleri
361 2381 469 2433 nemus,
490 2372 519 2420 et
532 2362 618 2419 colles
631 2362 753 2419 elamore
766 2362 899 2439 relinqui.

239 2466 375 2526 Reddidit
389 2485 444 2524 una
458 2468 546 2524 boum
558 2484 667 2535 vocem,
687 2452 818 2542 vastoque
831 2467 882 2525 sub
895 2478 976 2527 antro

239 2571 359 2647 Mugiit,
379 2580 409 2627 et
421 2570 490 2627 Caci
503 2569 581 2646 spem
593 2568 730 2626 custodita
743 2570 857 2628 fefellit.

239 2673 298 2731 Hic
311 2692 377 2730 vero
391 2674 501 2731 Alcidae
514 2673 595 2730 furiis
608 2673 747 2731 exarserat
761 2682 822 2731 atro

239 2776 317 2834 Felle
329 2777 420 2833 dolor:
442 2776 517 2853 rapit
529 2794 605 2833 arma
619 2796 716 2846 manu,
731 2776 867 2852 nodisque
880 2784 1029 2852 gravatum

240 2880 353 2950 Robur3
374 2889 403 2936 et
416 2879 527 2937 aetherii
539 2880 621 2936 cursu
634 2881 707 2957 petit
720 2880 806 2937 ardua
818 2880 933 2937 montis.

238 2983 316 3041 Tum
329 2982 453 3059 primum
466 2984 551 3041 nostri
564 2984 674 3041 Caetrm
686 2982 781 3040 videre
794 2990 964 3039 trementem

238 3087 455 3161 Turbaturnque
466 3086 552 3144 oculi.
592 3086 678 3161 Fugit
690 3086 768 3143 ilicet
780 3083 859 3141 ocior
871 3085 956 3153 Euro,
1026 3124 1031 3131 -

239 3190 464 3266 speluncamque
477 3189 563 3264 petit;
584 3191 703 3266 pedibus
717 3188 802 3245 timor
814 3187 923 3245 addidit
936 3188 1001 3248 alas.

238 3294 284 3351 Ut
293 3292 350 3351 sese
362 3292 485 3361 inclufit,
504 3292 653 3368 ruptisque
666 3293 782 3351 inmane
794 3292 901 3351 catenis
