2509 3875
234 326 294 387 286
499 328 778 398 AENEIDOS,
932 336 1048 400 r.539.

234 482 348 561 Eripuit
359 484 476 557 Tumor
499 504 552 545 nec
564 486 595 547 di
609 496 705 547 texere
718 487 898 563 Cupencum,

233 586 330 643 AEnei
341 586 485 654 veniente,
505 584 551 647 sui'
558 612 564 645 ι
588 590 669 649 dedit
681 589 766 648 obvia
778 589 854 646 ferro

234 688 362 759 Pectorm
384 706 438 747 nec
450 688 554 749 misero
567 690 653 768 clipei
667 710 746 749 mora
759 690 870 767 profuit
883 688 960 748 aerei.

233 790 277 847 Te
290 810 405 867 quoque
420 793 575 851 Laurentes
589 792 732 863 viderunt,
753 792 851 859 AEole,
870 791 964 867 campi

233 890 386 969 Oppetere,
407 904 437 951 et
450 894 508 953 iate
522 904 626 953 terram
640 894 817 952 consternere
831 904 912 968 tergo
917 917 927 963 ς

234 994 366 1053 Occidis:
390 996 508 1073 Argirae
522 1016 607 1073 quem
622 1014 679 1054 non
695 1006 814 1072 potuere
827 994 985 1071 phalanges

235 1098 375 1167 Sternere,
396 1116 449 1155 nec
465 1099 567 1157 Priami
582 1116 736 1174 regnorum
747 1096 859 1154 eversor
870 1096 1014 1165 Achilles,

235 1199 295 1258 Hic
308 1200 361 1257 tibi
375 1200 474 1258 mortis
486 1212 567 1259 crant
580 1212 678 1260 metae:
701 1201 804 1257 domus
818 1200 875 1257 alta
889 1201 941 1257 sub
956 1200 1021 1269 ida,

235 1301 361 1379 Lyrneffi
376 1303 477 1361 domus
490 1304 557 1372 alta,
579 1302 638 1361 solo
652 1304 795 1360 Laurente
807 1301 980 1378 sepulcrum.
1038 1316 1043 1322 ·

234 1405 317 1462 Totae
330 1404 401 1463 adeo
414 1404 555 1463 conversae
569 1405 654 1471 acics,
673 1422 830 1479 omnesque
845 1403 953 1471 Latini,

235 1505 345 1565 Omnes
359 1506 544 1567 Dardanidae:
567 1506 742 1574 Mnestheus,
763 1524 884 1581 acerque
905 1506 1045 1579 Serestus,

236 1610 275 1667 Et
286 1608 439 1687 Messapus,
460 1611 568 1685 equum
582 1608 715 1675 domitor,
735 1619 765 1665 et
778 1608 860 1665 fortis
873 1607 987 1685 Asylas,

234 1712 451 1789 Tuscorumque
468 1710 604 1788 phalanx,
626 1709 809 1786 Evandrique
822 1711 949 1767 Arcades
960 1711 1030 1773 alae.

236 1816 290 1873 Pro
303 1814 331 1873 se
345 1814 474 1891 quisque,
495 1812 549 1871 viri
563 1812 674 1870 summi
688 1811 823 1869 nituntur
834 1830 923 1888 opum
937 1812 984 1869 ri:

236 1918 301 1976 Nec
315 1937 403 1987 mora,
424 1934 477 1976 nec
495 1913 605 1992 requies
611 1939 619 1986 3
645 1914 721 1973 vasto
733 1912 890 1972 certamine
903 1915 1043 1976 tendunt.

275 2021 334 2078 Hic
347 2029 475 2080 mentem
485 2019 589 2076 AEneae
600 2016 733 2094 genetrix
745 2017 936 2094 pulcherrima
950 2021 1042 2094 mint,
1060 2039 1067 2046 ·

235 2123 296 2180 Iret
310 2133 342 2179 ut
355 2123 390 2182 ad
403 2139 508 2190 muros,
529 2119 652 2195 urbique
663 2120 824 2177 adverteret
837 2140 941 2197 agmen

236 2225 335 2294 Ocius,
355 2234 385 2282 et
398 2222 491 2282 subita
507 2223 633 2280 turbaret
648 2222 728 2280 clade
742 2222 867 2281 Latinos.
954 2237 957 2242 ·

237 2321 300 2392 lile,
320 2335 362 2392 ut,
376 2323 515 2398 vestigans
529 2322 636 2381 diversa
651 2343 702 2400 per
714 2324 831 2400 agmina
843 2327 987 2397 Turnum,

236 2429 305 2487 Huc
319 2437 404 2501 atque
417 2427 474 2484 huc
487 2425 561 2482 acies
580 2424 767 2496 circumtulit,
788 2427 908 2505 adspicit
922 2433 1029 2491 urbem

236 2532 391 2588 Inmunern
405 2527 478 2584 tanti
491 2527 569 2596 belli,
590 2537 677 2603 atque
690 2529 799 2606 inpune
812 2530 948 2605 quietam.
1038 2539 1045 2552 '

237 2631 383 2702 Continuo
396 2648 501 2708 pugnae
516 2629 649 2686 adcendit
663 2630 776 2708 majoris
787 2631 896 2708 imag03

237 2736 396 2806 Mnesthea,
418 2731 634 2808 Sergestumque
651 2744 743 2800 vocat,
763 2733 924 2810 fortemque
945 2737 1040 2795 Seres-

316 2851 387 2908 tum,
704 2833 707 2837 ⁴

238 2943 386 3010 Ductores,
400 2937 600 3011 tumulumque
611 2935 702 3012 capit3
717 2955 776 3010 quo
789 2947 881 2995 cetera
889 2939 1044 2998 Teucrum·

238 3042 391 3103 Concurrit
404 3038 495 3116 leg103
518 3056 571 3096 nec
585 3035 673 3104 scuta,
694 3047 743 3095 aut
757 3038 874 3114 spicula,
895 3041 973 3098 denfi

237 3147 404 3220 Deponunt,
445 3140 528 3197 Celso
541 3137 652 3196 medius
666 3138 739 3195 stans
751 3159 856 3216 aggere
869 3143 958 3199 fatur:

239 3247 286 3306 Ne
299 3264 354 3320 qua
370 3243 439 3304 meis
453 3242 509 3299 esto
523 3240 605 3298 dictis
619 3259 698 3297 mora
703 3265 712 3311 3
734 3243 868 3318 juppiter
878 3246 932 3302 hac
946 3246 1018 3312 state
