2509 3875
99 354 105 389 l

183 333 211 371 v.
225 313 291 373 356.
502 304 600 367 LIB.
639 309 693 369 VI.
948 322 984 373 15

183 469 213 525 N
214 486 272 526 unc
285 467 378 525 etiam
391 464 531 541 interpres
544 464 651 533 divom,
670 466 742 542 Jove
753 445 850 525 mill'us
862 470 900 527 ab
911 468 982 547 ipso,

99 610 107 665 ,¹
184 572 299 645 (Testor
308 582 468 645 utrumque
480 569 578 644 capul)
590 568 688 625 celeris
698 570 831 627 mandata
841 589 983 647 pereum

181 673 310 731 Detulit.
351 673 415 748 Ipse
428 672 515 729 deum
528 670 676 727 manifesto
687 668 719 727 in
730 670 841 729 lumine
853 674 915 731 vidi

182 777 348 833 Intrantem
361 794 467 842 muros,
486 790 644 847 vocemque
655 773 701 829 his
712 772 828 831 auribus
839 774 928 834 haufi.

181 879 290 936 Desine
302 895 408 952 meque
421 876 479 932 tuis
492 875 654 943 incendere,
672 885 768 951 teque,
787 878 925 951 querelis:

181 982 300 1039 Italiam
313 999 372 1037 non
385 979 485 1055 sponte
498 978 607 1052 sequor.

221 1084 309 1141 Talia
322 1062 475 1149 dicentem,
491 1080 662 1157 jamdudum
676 1080 778 1149 aversa,
799 1090 903 1153 tuetur,

99 1160 102 1191 ¹
182 1188 253 1244 Huc
265 1186 337 1243 illuc
349 1186 465 1242 volvens
478 1184 573 1241 oeulos
579 1206 589 1253 ;
611 1192 761 1258 totumque
772 1180 896 1260 pererrat

183 1289 360 1346 Luminibus
373 1286 484 1357 tacitis,
505 1297 535 1343 et
547 1284 584 1342 fic
597 1284 716 1342 adcensa
727 1286 870 1362 profatur:

184 1392 251 1449 Nee
264 1392 320 1449 tibi
330 1391 398 1448 diva
408 1406 517 1467 parens,
528 1389 639 1464 generis
651 1406 705 1445 uec
714 1388 863 1448 Dardanus
873 1392 984 1463 sudor,

185 1494 311 1563 Perfide,
332 1493 381 1551 sed
396 1490 473 1549 duris
488 1492 589 1568 genuit
602 1500 632 1548 te
644 1492 774 1549 cautibus
786 1492 904 1551 horrens
987 1468 992 1475 ¹

187 1596 340 1666 Caucasus,
360 1596 560 1672 Hyrcanaeque
572 1594 723 1653 admorunt
734 1597 821 1653 ubera
834 1596 930 1673 tigres.

188 1699 268 1756 Nam
284 1698 355 1774 quid
374 1678 533 1755 diffimulo?
554 1708 603 1755 aut
620 1717 685 1773 quae
701 1716 748 1754 me
763 1699 800 1755 ad
816 1698 923 1776 majora
934 1718 979 1759 re-

265 1800 359 1860 servo?

189 1904 271 1963 Num
283 1902 354 1963 lietu
366 1904 512 1983 ingemuit
525 1904 633 1962 nostro?
655 1922 726 1960 num
737 1902 848 1962 lumina
861 1902 959 1964 flexit?

173 1996 271 2066 ¹Num
288 2009 417 2068 lacrimas
431 2009 522 2067 viilus
539 2007 628 2077 dedit,
647 2017 698 2064 aut
717 2005 865 2065 miseratus
881 2027 981 2067 aman·

205 2147 207 2154 ,
267 2120 325 2170 tem
337 2113 394 2170 est?

191 2216 265 2273 Ouae
277 2215 379 2291 quibus
392 2213 565 2272 anteferam?
586 2215 661 2288 Jam,
670 2213 741 2290 jam,
754 2232 808 2271 nee
819 2233 953 2274 maxuma

265 2319 350 2392 Juno,

190 2419 254 2477 Nec
266 2419 412 2496 Saturnius
425 2417 486 2474 haec
499 2416 588 2474 oculis
599 2427 681 2494 pater
694 2417 811 2494 adspicit
823 2421 921 2496 aequis.

191 2523 341 2598 Nusquam
355 2530 417 2578 tuta
430 2520 510 2578 fides.
548 2518 677 2595 Ejeelum
689 2521 781 2592 litore,
799 2535 943 2600 egentem,

190 2625 307 2701 Excepi,
326 2633 357 2680 et
369 2622 451 2698 regui
464 2623 580 2681 demens
592 2622 622 2680 in
637 2634 717 2698 parte
729 2624 837 2696 locavi,

190 2727 331 2786 Amillam
343 2725 464 2795 clallem‚
484 2724 582 2794 socios,
602 2736 723 2783 amorte
733 2727 844 2784 reduxi.

190 2831 257 2888 Heu
270 2827 363 2886 Furiis
375 2827 490 2885 incensa
503 2828 591 2886 feror!
613 2848 691 2886 nunc
703 2849 796 2906 augur
807 2829 924 2906 Apollo,

191 2933 278 2990 Nunc
292 2931 388 3007 Lyciae
400 2931 494 3001 sortes,
513 2943 642 2999 nuncet,
661 2934 735 3009 Jove
752 2931 849 2988 mitius
861 2932 898 2987 ab
910 2929 981 3006 ipso,

191 3035 332 3109 Interpres
344 3033 443 3104 divom¹
453 3035 510 3091 fert
522 3033 636 3091 horrida
645 3032 717 3110 julla
728 3051 780 3110 per
791 3051 872 3090 auras

193 3136 318 3195 Scilicetl
339 3136 362 3193 is
377 3137 488 3213 Superis
500 3137 581 3195 labor
593 3137 642 3204 est,
661 3155 695 3192 ea
707 3154 774 3192 cura
787 3135 897 3210 quietos

194 3239 342 3298 Sollicitat!
377 3239 482 3314 Neque
495 3248 630 3307 teleneu,
649 3255 743 3314 neque
755 3237 830 3310 dieta
842 3237 951 3309 refello.
