2509 3875
296 298 354 365 ror
547 294 826 371 murinco,
986 304 1097 367 mor.

297 447 432 505 Quantus
443 448 543 518 Athos,
551 460 601 509 sut
609 462 734 529 quantus
741 454 828 531 Eryx,
836 463 886 512 aut
895 452 967 529 ipse,
975 451 1102 511 coruscis

298 550 400 609 Quum
413 550 511 609 fremit
524 551 647 623 ilicibus,
661 566 794 631 quantus,
814 556 979 633 gaudetque
992 554 1085 612 nivali

298 651 414 711 Venice
427 650 456 711 se
468 654 607 713 adtollens
619 665 701 732 peter
713 657 886 734 Apenninus
898 658 935 714 ad
948 674 1045 713 auras.

336 754 402 831 Jam
415 772 481 813 uero
493 766 523 813 et
537 756 638 815 Rutuli
649 758 792 827 certatim,
804 771 835 816 et
843 760 944 827 Troes,
957 768 988 814 et
1002 777 1107 815 omnes

299 858 473 917 Convertere
484 858 581 917 oculos
596 858 673 928 Itali,
693 849 802 936 quique
814 860 871 918 alta
884 861 1025 917 tenebant

299 958 420 1027 Moenia,
441 960 549 1035 quique
562 960 638 1019 imos
648 960 799 1037 pulsabant
810 962 899 1020 ariete
911 979 1025 1030 muros3

301 1064 448 1135 Ariosque
461 1060 614 1138 deposuere
626 1062 761 1122 humeris.
787 1064 889 1141 Stupet
899 1062 960 1139 ipse
970 1062 1108 1133 Latium

300 1162 441 1239 Ingentis,
461 1162 571 1239 genitos
584 1164 699 1222 ‹liverfis
710 1165 839 1241 partibus
851 1166 937 1236 orbis,

301 1264 381 1323 Inter
393 1262 421 1319 sc
435 1264 530 1323 coiisse
543 1265 625 1333 viros,
644 1276 676 1325 et
687 1284 803 1325 cernere
820 1268 906 1326 ferro.

301 1370 400 1440 Atque
413 1364 465 1433 illi,
486 1378 518 1424 ut
531 1386 621 1426 vacuo
633 1378 789 1445 patuerunt
799 1388 913 1445 aequore
925 1368 1034 1444 campi,

303 1449 438 1525 Procursu
453 1468 560 1545 rapido,
580 1469 714 1547 conjectis
726 1470 839 1528 nninus
852 1469 946 1539 hastis,

303 1570 448 1627 Invadunt
464 1570 589 1627 Martem
601 1570 710 1647 clipeis,
729 1582 816 1647 atque
828 1590 884 1629 aere
896 1571 1010 1629 sonoro.

304 1672 364 1731 Dat
376 1670 517 1747 gemitum
530 1672 627 1729 tellus:
650 1682 712 1730 tum
726 1676 838 1731 crebros
850 1673 965 1730 entibus
979 1674 1058 1732 ictos

305 1770 534 1849 Congeminant:
556 1773 623 1830 Fors
636 1782 668 1831 et
676 1773 775 1831 Virtus
791 1773 947 1832 miscentur
958 1775 991 1833 in
1004 1794 1112 1835 unum.

306 1877 351 1934 Ac
365 1874 451 1944 velut,
471 1874 582 1951 ingenti
598 1874 665 1944 sur,
685 1874 832 1933 summove
843 1877 993 1946 Taburno,

306 1979 382 2036 Cum
396 1977 453 2034 duo
465 1977 603 2036 converfis
616 1977 735 2035 inimica
748 1977 779 2034 in
793 1979 892 2054 proelia
906 1981 984 2037 tauri

308 2078 459 2138 Frontibus
472 2079 632 2148 incurrunt,
652 2079 749 2154 pavidi
761 2079 865 2138 cellere
877 2081 1007 2157 magistri
1012 2109 1021 2152 ς

308 2183 370 2240 Stat
390 2199 476 2257 pecus
495 2199 589 2251 omne,
617 2189 699 2238 metu
717 2190 840 2248 mutum,
864 2183 1052 2260 mussantque
1066 2189 1115 2265 jn-

387 2299 492 2350 vencae,

310 2384 385 2442 Quis
407 2385 516 2440 nemori
537 2383 693 2461 imperitet,
721 2404 809 2460 quem
833 2395 894 2444 tota
914 2399 1050 2449 arnreuta
1072 2394 1115 2451 se·
1161 2438 1162 2441 η

367 2497 370 2504 ¹
387 2495 513 2564 quantur
518 2511 527 2556 3

310 2587 358 2646 Illi
371 2586 446 2644 inter
459 2585 516 2644 sese
529 2588 620 2646 multi
636 2588 663 2644 vi
677 2588 795 2646 volnera
807 2589 938 2660 miscent,

267 2747 270 2752 .
311 2693 483 2765 Cornuaque
495 2689 594 2748 obnixi
606 2691 743 2767 infigunt,
763 2703 793 2750 et
806 2693 945 2770 sanguine
958 2694 1045 2772 largo

311 2795 402 2864 Colla,
421 2811 578 2870 armosque,
597 2794 695 2852 lavant
700 2819 709 2865 ;
731 2795 842 2872 gemitu
854 2815 956 2854 nemus
969 2816 1062 2858 omne
1073 2821 1118 2860 re·

389 2895 497 2973 mugit:

313 3001 400 3058 Haud
413 3000 497 3058 aliter
509 2999 581 3058 Tros
594 2999 703 3060 AEneas
714 3010 744 3058 et
756 3001 887 3059 Daunius
898 3002 981 3059 heros

312 3105 496 3160 Concurrunt
507 3101 616 3177 clipeis.
646 3103 751 3177 Ingens
763 3103 859 3180 fragor
868 3104 972 3162 aethera
983 3110 1117 3187 conplet.

350 3203 484 3278 Juppiter
495 3203 556 3280 ipse
568 3205 639 3262 duas
650 3206 910 3279 mquatoexamine
920 3208 1018 3266 lauces
1047 3216 1051 3224 '
