2509 3875
241 313 283 375 oo
502 312 779 382 AEuurnos,
931 314 1047 384 veo7.

242 468 361 535 Amnes,
381 486 435 527 uec
448 467 569 545 reperire
581 468 661 529 viam
672 477 760 544 atque
771 465 899 525 evolvere
910 463 1001 541 posset

242 570 277 630 In
290 588 368 627 mare
380 571 408 627 se
418 570 565 642 Xanthus,
588 571 692 631 Pelidae
705 579 775 628 tuuc
788 586 842 644 ego
855 567 923 624 sorti

241 670 430 747 Congressum
442 672 567 741 AEneam
587 692 641 730 nec
654 674 707 732 Dis
719 691 773 729 nec
784 670 893 729 viribus
909 666 1007 744 aequir,
1034 736 1040 743 .

241 774 330 835 Nube
342 774 411 832 cava
424 774 519 851 rapui:
541 793 675 851 cuperem
688 793 782 850 quum
792 783 902 830 vertere
920 773 957 829 ab
968 770 1040 840 imo,

242 877 352 935 Struda
365 876 437 935 meis
449 876 590 947 manibus,
610 876 731 954 perjura
744 874 851 936 moenia
863 871 967 949 Trojar.

240 978 331 1039 Nunc
344 996 459 1054 quoque
476 996 556 1037 mem
569 980 669 1038 eadem
687 977 790 1055 perstat
802 975 889 1034 mihi:
913 973 989 1053 pelle
1001 973 1040 1037 ti·

319 1098 442 1137 rnorem:

240 1183 344 1252 Tutus,
365 1200 436 1256 quos
449 1191 538 1258 optas,
557 1188 658 1259 portua
670 1180 790 1239 adcedet
802 1179 921 1243 Averni

240 1285 326 1343 Unus
338 1282 393 1341 erit
406 1292 528 1356 tantum,
542 1283 675 1359 amissum
686 1302 772 1359 quern
785 1282 901 1362 gurgite
913 1285 1038 1358 quaeret,

241 1388 343 1445 Unum
354 1404 407 1463 pro
419 1384 519 1449 multis
532 1386 648 1445 dabitur
660 1394 755 1463 caput.
870 1437 872 1440 .

280 1489 335 1546 His
348 1488 399 1547 ubi
412 1489 477 1546 laeta
490 1489 551 1545 deae
563 1488 711 1566 permulfit
722 1488 836 1565 petiora
848 1486 940 1554 dietis,

240 1590 345 1673 Jungit
359 1609 446 1665 equos
459 1610 528 1648 auro
538 1590 661 1667 genitor,
680 1590 900 1667 spumantiaque
912 1588 993 1647 addit

241 1696 331 1753 Frena
344 1693 422 1763 seris,
441 1692 632 1771 manibusque
644 1693 738 1753 omnia
752 1694 878 1753 effundit
888 1694 1026 1768 habenae.

241 1795 373 1855 Caeruleo
387 1813 438 1871 per
451 1795 560 1853 summa
573 1796 644 1855 levis
656 1798 735 1857 volat
747 1788 861 1874 aequora
872 1814 968 1880 curm.

242 1897 397 1958 Subfidunt
409 1898 508 1971 undae,
530 1898 734 1975 tumidumque
745 1898 798 1958 sub
810 1916 864 1957 axe
877 1894 991 1955 tonanti

243 2001 385 2059 Sternitur
394 2019 491 2076 aequor
500 2000 593 2075 aquis:
609 2001 728 2076 fugiunt
735 2002 812 2058 vasto
819 2001 926 2058 aethere
936 1996 1039 2066 nimbi·

239 2103 318 2165 Tum
332 2103 418 2160 variae
430 2101 571 2160 comitum
586 2102 687 2172 saciet,
708 2100 836 2183 inmania
850 2109 922 2171 cete,

240 2206 280 2264 Et
292 2204 386 2262 senior
398 2203 499 2261 Glauci
513 2203 623 2273 chorus,
643 2203 787 2278 Inousque
799 2203 952 2273 Palaemon,

241 2306 435 2378 Tritonesque
447 2303 507 2374 citi,
528 2303 685 2379 Phorcique
697 2304 839 2362 exercitus
851 2303 954 2361 omnia.

239 2409 326 2465 Laeva
340 2415 443 2463 tenent
452 2405 562 2474 Thetis,
579 2414 609 2463 et
621 2406 733 2474 Melite,
748 2408 935 2482 Panopeaque
947 2404 1040 2482 virgo,

239 2508 351 2577 Nesaee,
373 2506 505 2582 Spioque,
518 2507 690 2582 Thaliaque,
704 2509 934 2585 Cymodoceque.

253 2635 254 2638 ¹
279 2610 339 2668 Hic
352 2608 439 2687 patris
452 2609 556 2666 AEneae
568 2609 731 2686 suspensam
744 2610 849 2668 blanda
863 2609 982 2668 viciffim

241 2712 352 2772 Gaudia
366 2719 530 2788 pertentant
544 2720 685 2770 mentem:
702 2711 787 2789 jubet
799 2712 879 2782 ocius
891 2712 985 2772 omnia

242 2814 356 2876 Adtolli
369 2814 467 2882 malos,
487 2813 600 2871 intendi
612 2815 730 2872 brachia
742 2815 822 2873 velis.

241 2919 310 2978 Una
322 2935 420 2976 omnes
431 2915 524 2974 secere
536 2915 652 2992 pedem3
672 2915 835 2994 pariterque
847 2917 979 2986 sinistros,

242 3021 331 3078 Nunc
344 3019 468 3087 dextros,
488 3017 595 3076 solvere
608 3017 697 3088 finus,
719 3019 778 3076 una
787 3021 874 3078 ardua
887 3027 1033 3095 torquent

242 3123 368 3189 Cornua,
383 3121 619 3196 detorquentque.
660 3121 768 3180 Ferunt
780 3121 829 3180 sua
841 3121 958 3185 flamina
970 3122 1040 3182 olas-

319 3221 387 3280 sem.
