2509 3875
158 296 185 339 v.
196 278 272 348 ⁶7¹1·'
446 279 499 337 LI
514 281 544 337 B.
583 278 652 337 XII.
894 278 957 341 291:

159 433 282 502 Turrim,
302 434 447 511 conpaffls
461 436 586 493 trabibus
599 448 687 509 quatu
699 432 835 489 eduxerat
847 426 918 503 ipse,

159 535 380 612 Subdideratque
394 534 476 608 rotas,
496 538 647 614 pontisque
660 535 825 592 instraverat
836 530 919 588 altos.

157 638 220 714 Jam
229 635 289 713 jam
303 639 372 707 fata,
393 638 478 708 soror,
499 640 632 716 superant
638 662 646 707 3
665 636 766 694 absiste
778 632 896 702 morari,

160 740 225 797 Quo
238 740 316 809 deus,
337 752 366 799 et
379 760 436 815 quo
449 742 519 799 dura
532 750 614 798 vocat
627 740 762 806 Fortuna,
778 735 936 811 sequamur,

158 842 217 898 Stat
229 841 359 899 conserte
371 861 491 901 manum
504 843 620 912 AEneae5
643 837 860 915 uat„quidquid
872 854 950 894 acer·

231 942 262 1000 bi
276 945 324 1012 cst,

158 1046 252 1103 Morte
265 1046 342 1121 pati:
366 1065 418 1104 nec
431 1060 478 1104 me
491 1045 663 1114 indecorem,
684 1056 828 1121 germana,
840 1035 952 1099 videbis

157 1148 298 1224 Amplius.
319 1149 416 1216 Hunc,
430 1168 489 1217 oro,
501 1148 558 1205 stne
570 1168 616 1205 me
629 1147 723 1203 furere
732 1156 799 1203 aute
812 1146 949 1202 furorem.

155 1251 248 1317 Dixit,
268 1261 297 1308 et
309 1270 326 1308 e
339 1270 423 1309 curru
437 1251 541 1309 saltum
554 1250 634 1308 dedit
646 1250 725 1306 ocius
737 1248 823 1319 arvis;

156 1356 263 1428 Perque
275 1353 369 1421 hostis,
382 1373 432 1429 per
445 1354 510 1423 teia,
524 1353 599 1422 ruit,
621 1352 802 1426 maestamque
815 1350 938 1408 sororem

156 1454 276 1521 Deserit,
297 1474 330 1511 ac
344 1454 440 1529 rapido
453 1454 536 1511 cursu
549 1454 643 1509 media
655 1453 771 1528 agmina
784 1452 903 1528 rumpitt

156 1558 206 1628 Ac,
214 1555 313 1623 veluti,
333 1556 438 1611 montis
451 1554 550 1613 saxum
562 1556 598 1611 de
611 1555 717 1611 vertice
729 1572 854 1629 praeceps

156 1658 232 1714 Cutu
245 1656 312 1724 ruit,
332 1655 456 1713 avolsum
472 1666 565 1727 vento,
588 1656 637 1713 seu
650 1655 781 1712 turbidus
793 1655 887 1712 imber

155 1756 272 1825 Proluit,
292 1765 342 1815 aut
354 1756 436 1814 annis
449 1757 531 1816 solvit
543 1756 671 1815 sublabsa
683 1757 813 1824 vetustas,

155 1861 256 1917 Fertur
268 1859 297 1915 iu
311 1860 466 1935 abruptum
480 1876 585 1935 magno
598 1876 679 1916 mons
694 1858 829 1934 inprobus
843 1857 917 1928 attin,

154 1957 344 2037 Exsultatquc
357 1961 428 2033 solo;
451 1962 540 2029 silvas,
560 1970 697 2028 armenta,
717 1961 859 2035 virosque,

154 2065 306 2124 involvens
319 2064 428 2121 secumt
451 2062 566 2140 disjeeta
579 2082 630 2138 per
642 2061 758 2139 agmina
767 2061 882 2120 Turnus

155 2167 202 2226 stc
215 2167 292 2226 urbis
304 2165 363 2222 ruit
376 2167 412 2223 ad
424 2183 528 2235 muros,
549 2165 600 2221 ubi
612 2163 734 2240 plurima
747 2163 811 2221 fuso
949 2167 952 2173 '

154 2270 299 2347 Sanguine
309 2279 382 2327 terra
393 2269 497 2338 madet,
509 2267 686 2342 striduntque
698 2267 845 2324 hastilibus
858 2285 933 2324 aurae
938 2292 947 2338 3

153 2373 364 2451 Significatque
376 2389 473 2440 manu,
493 2379 522 2426 et
535 2389 642 2447 magno
656 2369 737 2426 srmul
750 2369 853 2445 incipit
865 2389 928 2427 orer

152 2478 264 2536 Parcite
274 2475 343 2553 jam,
365 2475 479 2544 Rutuli,
502 2484 532 2530 et
545 2493 593 2531 vos
606 2473 663 2530 tela
677 2472 815 2540 inhibete,
836 2472 947 2530 Latini:

154 2581 356 2654 Quaecumque
366 2577 406 2635 est
414 2579 546 2646 Fortuna,
558 2591 620 2634 mea
632 2577 671 2633 est
676 2601 684 2646 3
700 2576 849 2642 meterius
859 2594 949 2632 unum

152 2686 208 2741 Pro
223 2682 302 2739 vobis
316 2682 408 2738 foedus
420 2681 505 2747 luere,
525 2689 555 2736 et
568 2680 815 2736 decernereserto.

151 2783 311 2843 Discessere
323 2801 420 2840 omnes
434 2783 531 2852 medii,
552 2783 731 2858 spatiumque
743 2783 853 2838 dedere.

192 2889 236 2945 At
249 2897 329 2963 pater
342 2887 458 2953 AEneas,
479 2886 576 2944 audito
589 2885 706 2941 nomine
718 2883 821 2952 Turni,
870 2919 874 2926 -

150 2990 268 3050 Deserit
280 2973 426 3057 et'muros,
446 2999 476 3046 et
488 2989 611 3045 summas
623 2987 727 3042 deserit
740 2986 824 3054 arcia,

150 3093 371 3169 Praeeipitatque
384 3109 474 3149 moras
487 3091 592 3158 omniur
611 3103 699 3165 opera
716 3081 814 3146 emnia
832 3088 949 3164 rumpit,

148 3195 270 3257 Laetittt
282 3195 444 3266 exsultatu
465 3195 695 3267 horrendumque
708 3184 818 3248 intnnat
829 3192 930 3257 armis:
