2509 3875
184 333 308 395 v.462.
524 336 624 396 LIB.
663 337 703 395 V.
963 340 1001 403 ⁴7

186 492 230 549 Et
245 490 354 548 saevire
366 489 470 549 animis
484 492 633 553 Entellum
644 492 724 550 hand
736 490 829 568 pallus
841 487 965 563 acerbis,

86 630 88 643 ·
188 594 253 651 Sed
268 593 361 651 finem
375 593 502 670 inposuit
515 614 634 673 pugne:
656 594 816 669 sellumque
828 594 937 651 Dareta

188 695 328 772 Eripuit,
348 696 478 755 mulcens
491 696 587 769 diuis,
609 716 644 755 ac
657 696 726 755 talia
739 698 835 755 fatur:

191 798 328 855 Infelix!
350 817 415 874 quae
428 808 508 857 tauta
521 798 652 858 animum
665 800 810 857 dementia
823 797 918 874 cepit?

192 902 274 961 Nou
286 901 361 958 vires
374 901 453 971 alias,
473 904 665 980 conversaque
678 901 808 970 numina,
827 898 932 957 sentis?

195 1004 285 1063 Cede
298 1004 362 1060 deo.
403 1003 554 1081 Dixitque,
575 1016 606 1064 et
617 1006 718 1083 proelia
732 1022 802 1063 voce
814 1001 940 1060 diremit.

196 1106 255 1163 Ast
268 1104 355 1161 illum
368 1104 420 1165 fidi
433 1108 563 1181 aequales,
585 1128 680 1185 genua
692 1126 768 1184 aegra
781 1106 954 1172 trahentem,

197 1207 424 1285 Jaetautemque
435 1220 558 1285 utroque
571 1222 667 1287 caput,
686 1209 862 1284 craffumque
875 1224 1004 1264 cruorem
1095 1273 1103 1277 ,

198 1311 265 1368 Ore
278 1309 457 1386 ejet‘lantem
477 1312 641 1389 mixtosque
653 1315 684 1371 in
697 1313 836 1389 sanguine
849 1313 959 1378 dentes,

199 1415 326 1473 Ducunt
339 1414 376 1471 ad
389 1415 482 1485 navis5
508 1416 687 1492 galeamque,
707 1416 873 1494 ensemque,
892 1415 986 1473 vocati

200 1515 379 1593 Adcipiunt:
409 1518 534 1593 palmam
558 1518 691 1589 Entello,
709 1527 890 1594 taurumque,
918 1517 1005 1575 relin-

283 1627 387 1694 quunt.

202 1721 265 1779 Hic
278 1720 376 1791 vietor,
398 1720 530 1799 superans
550 1723 663 1791 animis,
683 1734 822 1800 tauroque
834 1723 983 1799 superbus:

200 1824 284 1883 Nate
297 1822 359 1892 dei,
371 1843 486 1899 vosque,
499 1824 571 1893 haec,
583 1825 690 1901 inquit,
701 1825 874 1901 cognoscite,
884 1825 1003 1896 Teucri,

201 1927 243 1986 Et
255 1924 330 1984 mihi
343 1944 408 2004 quae
420 1926 530 1986 fuerint
538 1926 667 2006 juvenali
679 1926 711 1984 iu
725 1911 841 2002 ¹corpure
852 1927 934 1994 vires,

201 2031 243 2088 Et
256 2031 314 2106 qul
327 2029 442 2088 servetis
458 2039 622 2088 revocatum
636 2049 653 2088 a
666 2035 759 2086 morte
770 2029 887 2086 Dareta.

202 2131 291 2191 Dixit
296 2157 303 2202 ;
325 2142 355 2190 et
367 2133 474 2190 adversi
488 2141 586 2190 contra
599 2131 676 2189 stetit
688 2151 737 2189 ora
746 2129 876 2207 juvenci,

202 2235 270 2293 Oui
283 2237 393 2292 donum
406 2235 531 2292 adstabat
543 2253 650 2311 pugnae
655 2259 663 2305 3
686 2235 828 2310 durosque
841 2232 956 2290 reduetit

202 2338 336 2397 Libravit
350 2339 451 2395 dextri
464 2336 558 2395 media
570 2337 647 2394 inter
659 2357 765 2396 cornua
778 2337 867 2395 cestus

185 2441 331 2508 Arduus,
351 2440 525 2516 effraeioque
536 2439 625 2500 inlifit
639 2440 671 2498 in
684 2440 740 2498 offa
754 2443 878 2500 cerebro.

200 2543 356 2612 Sternitur,
376 2542 574 2618 exanimisque
595 2553 721 2601 tremens
740 2544 903 2622 procumbit
922 2544 1005 2602 humi

237 2689 245 2696 -
282 2647 344 2705 bos.

201 2748 258 2808 Ille
271 2749 354 2824 super
367 2747 431 2805 talis
443 2746 569 2806 effundit
580 2748 694 2826 petitore
707 2770 803 2810 voces:

202 2853 290 2910 Hanc
304 2850 368 2922 tibi,
380 2851 467 2926 Eryx,
481 2849 631 2910 meliorem
641 2853 766 2911 animam
779 2870 832 2929 pro
842 2860 934 2907 morte
944 2851 1003 2909 Du-

282 2952 351 3011 retis

204 3057 349 3117 Persolvu:
372 3056 421 3116 hic
436 3055 527 3116 viDor
540 3058 638 3127 cestus,
659 3066 815 3132 artemque,
835 3073 950 3130 repono.

243 3161 383 3218 Proteuus¹
394 3142 503 3218 AEneas
517 3160 601 3218 celeri
615 3167 724 3216 certare
736 3156 839 3233 sagitta

205 3262 322 3332 Invitat,
342 3263 393 3340 qui
404 3264 479 3321 forte
492 3262 581 3320 velint
588 3285 596 3330 ;
618 3270 648 3317 et
661 3259 776 3336 praemia
789 3258 887 3336 pouit:
