2509 3875
230 344 284 395 oto
504 336 783 407 AENEIDOS,
933 341 1051 406 v.278.

150 485 153 493 ’
245 492 360 549 Arduus
371 491 509 549 adtollens
514 518 523 564 ς
550 512 623 569 pars,
643 493 760 551 volnere
771 492 884 559 clauda,
903 498 1030 548 retentat

245 595 412 653 Nexantem
425 594 516 663 nodis,
530 596 616 673 seque
627 597 658 655 in
671 595 721 654 sua
733 596 863 681 membra
873 594 1047 671 plicantem:

245 695 312 754 Tali
325 696 446 773 remigio
460 697 540 756 navis
552 698 581 755 se
595 700 675 757 tarda
687 702 837 769 movebat5

246 799 318 857 Vela
333 798 404 857 facit
416 809 522 869 tamen,
542 812 572 857 et
585 802 655 859 velis
668 800 745 859 subit
756 800 825 857 ostia
838 799 941 876 plenis.

247 903 408 979 Sergestum
420 902 530 961 AEneas
542 903 677 979 promitio
690 922 809 961 munere
822 904 920 971 donat,

248 1006 393 1063 Servatam
406 1006 444 1061 ob
458 1024 561 1063 navem
573 1006 666 1073 laetus,
686 1006 833 1081 sociosque
845 1005 995 1062 reductos:

248 1106 309 1165 Olli
325 1106 403 1164 serva
416 1107 508 1177 datur,
522 1126 642 1184 operum
655 1108 733 1165 haud
747 1108 847 1184 ignara
860 1108 1011 1175 Minervae,

250 1210 344 1277 Crella
357 1230 448 1287 genus
461 1211 575 1280 Pholoe',
596 1212 762 1287 geminique
774 1212 827 1269 sub
840 1214 928 1269 ubere
940 1210 1012 1269 nati.

289 1314 355 1371 Hoc
368 1313 432 1390 pius
443 1314 552 1371 AEneas
565 1313 648 1371 misso
660 1315 818 1373 certamine
831 1314 924 1371 tendit

250 1415 439 1476 Gramineum
458 1417 491 1475 in
510 1436 655 1493 campum,
675 1437 763 1493 quem
784 1419 904 1477 collibus
921 1417 1053 1494 undique

330 1518 424 1577 curvis

252 1624 419 1699 Cingebant
432 1622 520 1693 srlrae,
543 1622 695 1699 mediique
707 1623 826 1683 in-valle
839 1624 942 1683 theatri

253 1724 355 1783 Circus
367 1734 438 1793 erat,
459 1745 516 1800 quo
531 1724 560 1783 se
572 1726 673 1783 multis
686 1746 753 1783 cum
762 1728 894 1786 millibus
906 1728 989 1786 heros
1076 1744 1080 1749 ·

252 1826 389 1885 Conseffn
402 1829 531 1895 medium
545 1828 622 1898 tulit,
642 1828 840 1905 exstrudtoque
854 1830 967 1890 resedit.
1010 1866 1013 1874 ·

253 1930 323 2001 Hic,
343 1930 394 2009 qui
406 1930 480 1990 forte
492 1930 584 1990 velint
597 1930 695 2008 rapido
709 1932 881 1990 contendere
893 1930 986 2002 cursu,

254 2034 364 2092 Invitat
377 2034 476 2110 pretiis
489 2033 608 2102 animos,
629 2044 659 2090 ct
671 2034 788 2108 praemia
801 2034 890 2109 ponit.

255 2137 396 2212 Undique
408 2135 584 2194 conveniunt
597 2134 712 2203 Teucri,
732 2134 876 2211 mixtique
890 2134 1000 2206 Sicani,

255 2238 345 2298 Nisus
358 2247 388 2294 et
400 2237 540 2313 Euryalus
553 2221 654 2312 primi:

255 2340 405 2416 Euryalus,
425 2338 517 2395 sormi
530 2336 658 2412 infignis‚
679 2337 820 2415 viridique
828 2337 963 2416 juventi;

256 2442 355 2511 Nisus,
376 2460 472 2500 amore
485 2441 533 2518 pio
546 2441 643 2518 pueri:
665 2460 737 2516 quos
749 2441 854 2500 deinde
866 2444 978 2504 secutus
1099 2435 1103 2439 ’
1171 2422 1172 2429 ¹

257 2545 374 2623 Regius,
394 2544 510 2622 egregii
523 2544 627 2602 Priami
641 2544 677 2601 de
690 2543 783 2621 stirpe,
803 2545 921 2604 Diores:

257 2652 347 2711 Hunc
359 2649 458 2721 Salius,
473 2647 556 2706 fimul
567 2658 597 2706 et
608 2650 712 2706 Patron
718 2673 727 2719 3
748 2668 872 2725 quorum
883 2650 956 2708 alter
965 2651 1054 2710 Acar-
1171 2626 1172 2679 l

336 2772 403 2822 nan,

258 2857 345 2917 Alter
357 2859 393 2916 ab
408 2856 532 2915 Arcadio
545 2857 676 2934 Tegeaeae
688 2856 827 2934 sanguine
840 2858 951 2934 gentis:

258 2963 338 3020 Turn
348 2961 405 3020 duo
411 2961 553 3020 Trinacrii
562 2959 690 3038 juvenes,
704 2961 855 3038 Helymus,
867 2963 1054 3040 Panopesque,

260 3065 383 3125 Adsueti
397 3064 480 3134 silvis,
500 3064 616 3124 comites
628 3063 744 3122 senioris
754 3065 879 3122 Acestae:

241 3161 246 3174 ’
260 3167 352 3236 Multi
364 3178 508 3246 praeterea,
528 3189 598 3246 quos
612 3169 690 3227 fama
702 3169 819 3226 obscura
832 3170 970 3230 recondi-t.

261 3274 370 3334 AEneas
383 3272 487 3350 quibus
500 3273 532 3340 in
545 3273 648 3336 mediis
659 3274 698 3333 fic
709 3273 814 3334 deinde
826 3274 952 3334 locutus:
