2509 3875
185 340 272 393 ΗΖ.
492 336 592 395 LIB.
631 336 685 394 XI.
925 340 982 391 ast

184 490 275 560 Tene,
294 489 401 566 inquit,
419 490 581 551 miserande
593 510 674 569 puer,
693 510 761 550 cum
773 489 839 547 laets
849 487 979 559 veniret,‘

185 590 295 650 Invidit
308 593 432 651 Fortuna
445 595 528 663 mihi,
548 614 585 653 ne
598 614 688 671 regna
700 593 810 652 videres
887 591 890 597 ‘
906 618 911 625 ·

185 694 300 766 Nostra,
320 714 414 771 neque
427 698 464 755 ad
476 696 554 755 sedes
567 698 658 755 vietor
671 696 803 754 veherere
819 695 965 770 paternae?

72 874 73 879 ἵ
185 797 256 855 Non
269 798 331 855 haec
344 799 476 857 Evandro
489 801 525 857 de
539 809 567 857 te
579 798 711 877 promiffa
724 796 836 875 parenti

185 899 343 959 Discedens
355 902 503 972 dederam
525 920 593 959 cum
605 920 662 971 me,
675 900 832 977 conplexus
844 905 973 966 euntem,

185 1004 320 1065 Mitteret
332 1004 365 1063 in
377 1024 519 1081 maguum
534 1004 703 1082 imperiumJ
723 1013 911 1078 metuensque
923 1018 985 1059 mo-

265 1114 347 1164 neret

186 1208 271 1268 Acris
284 1209 340 1267 elie
352 1208 436 1280 viros,
455 1228 525 1269 cum
537 1209 608 1267 duri
619 1208 720 1285 proelia
733 1216 831 1285 gente.

185 1312 225 1369 Et
237 1330 315 1370 nuuc
327 1311 376 1370 ille
389 1312 515 1387 quidem,
535 1312 584 1388 spe
597 1312 723 1368 multum
736 1320 836 1387 captus
848 1307 939 1378 inani,

186 1414 254 1472 Fors
267 1423 297 1472 et
311 1422 375 1473 vota
389 1414 470 1483 facit,
489 1414 676 1489 cumulatque
689 1412 789 1470 altaria
803 1411 895 1470 donis.

186 1516 249 1577 Nos
257 1514 394 1593 juvenem
405 1516 581 1586 exanimum,
589 1524 619 1573 et
631 1515 674 1572 nil
679 1514 741 1591 jam
750 1514 910 1573 coelestibus
918 1511 989 1571 ullis

186 1618 359 1686 Debentcrn,
378 1636 452 1677 vano
465 1618 554 1675 maesti
567 1616 739 1675 comitamur
751 1616 869 1675 honore.

187 1720 307 1778 Infelix!
330 1721 391 1779 nati
404 1722 493 1781 funus
503 1720 618 1779 crudele
629 1718 750 1778 videbis.

168 1862 171 1869 ⁴
187 1822 231 1880 Hi
243 1822 329 1880 nostri
342 1822 459 1894 reditus,
480 1820 691 1899 exspectatique
704 1818 863 1897 triumphi?

187 1925 260 1986 Hac
272 1945 337 1985 mea
349 1945 455 2003 magns
467 1925 554 1984 fides?
579 1924 623 1983 At
636 1943 705 1995 non,
718 1923 858 1994 Euandre,
875 1921 986 1998 puden·

266 2029 310 2086 dis

70 2139 71 2148 ¹
187 2131 359 2190 Vulneribus
370 2129 485 2207 pulsum
498 2128 649 2204 adspicies;
671 2145 725 2186 nec
736 2125 840 2202 sospite
852 2125 950 2184 dirum
1014 2172 1016 2176 .

187 2233 310 2310 Optabis
323 2243 391 2292 nato
404 2233 493 2291 funus
504 2242 595 2308 pater.
635 2229 695 2288 Hei
707 2229 796 2288 mihil
818 2237 962 2305 quantum

187 2337 351 2394 Prandium
364 2334 502 2405 Ausonia,
522 2343 553 2392 et
565 2342 707 2409 quantum
720 2341 753 2390 tu
765 2331 870 2410 perdis,
889 2333 967 2392 Iule!

226 2439 299 2496 Haec
311 2437 364 2496 ubi
377 2436 503 2506 deflevit,
523 2436 588 2496 tolli
599 2434 761 2494 miserabile
772 2454 874 2512 corpus

188 2538 328 2614 Imperat3
350 2547 389 2609 et,
410 2548 472 2597 toto
482 2538 569 2596 lectos
582 2555 619 2596 ex
633 2538 758 2614 agmine,
778 2537 873 2596 mittit

187 2639 274 2709 Mille
287 2641 372 2710 viros,
393 2641 443 2717 qui
461 2640 627 2716 supremum
640 2640 816 2698 comitentur
828 2639 976 2709 honorem,

70 2793 71 2802 ,
138 2803 141 2808 ,
191 2742 384 2817 Interfintque
395 2742 483 2820 patris
496 2742 635 2812 lacrimis3
657 2741 757 2800 solatia
770 2741 865 2798 lucius

76 2905 79 2912 Δ
188 2844 303 2920 Exigua
315 2844 450 2922 ingentis,
470 2844 572 2902 misero
585 2843 634 2902 sed
647 2844 744 2902 debita
757 2842 844 2918 patri.
948 2840 951 2845 ’

187 2948 277 3008 Haud
290 2947 390 3024 segnes
402 2948 452 3006 alii
464 2947 558 3016 cratis,
575 2956 609 3006 et
620 2946 709 3004 molle
724 2945 872 3010 feretrum,

70 3071 71 3076 ¹
188 3049 326 3110 Arbuteis
340 3059 444 3107 texunt
455 3049 551 3126 virgis,
572 3057 602 3107 et
613 3046 724 3106 vimine
736 3062 845 3122 querno
851 3067 862 3114 5

188 3151 406 3228 Exeouosque
420 3161 494 3210 toros
506 3151 627 3210 obtentu
640 3148 749 3206 frondis
762 3145 939 3204 inumbrant.

188 3254 248 3314 Hic
256 3253 403 3333 juvenem,
423 3253 524 3333 agresti
536 3251 690 3312 sublimem
701 3248 842 3322 stramine,
861 3254 972 3329 ponunt
977 3271 988 3322 ς
