2509 3875
249 329 279 370 v.
291 309 360 370 616.
528 315 642 389 3LIB.
680 313 765 377 v111.
999 328 1051 380 rsa

251 470 343 528 Arma
354 470 408 528 sub
420 471 536 529 adversi
548 471 645 549 posuit
654 471 796 530 radiantia
809 491 926 549 quercu.
1018 445 1022 457 ι

252 572 380 630 llledeae
393 574 485 644 donis,
506 584 630 633 ettauto
642 577 724 634 laetus
738 575 856 643 honore,
1009 637 1011 642 ,

252 675 369 752 Expleri
382 677 484 752 nequit
487 702 497 748 5
518 686 606 752 atque
618 678 715 736 oculos
730 697 781 756 per
794 678 903 754 lingula
916 679 1015 749 volvit,

251 777 442 854 Miraturque,
460 779 593 855 interque
604 799 716 848 manus,
736 788 767 836 et
778 779 902 849 brachia,
920 780 1027 838 versat:

248 879 424 938 Terribilem
436 880 525 938 cristis
537 883 650 958 galeam
662 883 848 957 flammasque
861 893 1035 952 vomentem,

249 981 467 1059 Fatiserumque
479 982 585 1053 ensem,
606 983 723 1042 loricam
737 1003 774 1041 ex
789 1003 843 1042 aere
856 983 1009 1060 rigentem,

250 1083 453 1161 Sanguineam,
474 1084 638 1162 ingentcm3
659 1085 761 1163 qualis,
773 1105 864 1162 quum
876 1087 980 1146 caerula
993 1106 1047 1148 nu·

328 1189 378 1245 bea

248 1291 323 1350 Solis
334 1291 487 1351 inardescit
500 1292 596 1364 radiis,
614 1295 758 1372 longeque
770 1294 908 1371 refulget:

248 1395 328 1452 Tum
340 1395 412 1453 levis
424 1415 518 1458 ocreas
530 1397 644 1466 eleslro,
664 1415 790 1472 auroque
803 1397 923 1466 recusso,

248 1497 435 1575 Haliumque,
454 1508 485 1556 et
496 1498 583 1575 clipei
595 1517 654 1556 non
666 1498 824 1556 enarrabile
838 1507 959 1557 textum.

289 1600 355 1658 illic
366 1619 410 1658 res
422 1602 508 1659 Italas
521 1603 771 1676 Romanorumque
784 1600 953 1678 triumphos,

250 1700 338 1759 Haud
349 1703 445 1760 fatiun
455 1702 574 1781 ignarus
585 1703 757 1779 venturique
768 1702 873 1760 inscius
886 1703 950 1772 aevi,

249 1805 367 1862 Fecerat
379 1805 556 1882 ignipotens:
577 1805 639 1863 illic
652 1825 742 1882 genus
755 1825 840 1862 omne
853 1806 958 1864 suturae

250 1909 352 1987 Stirpis
365 1911 401 1968 ab
414 1908 550 1979 Ascanio,
569 1917 754 1987 pugnataque
767 1909 797 1965 in
811 1907 909 1966 ordine
923 1909 1007 1969 bella.

288 2014 406 2071 Fecerat
418 2022 448 2071 et
460 2012 546 2070 viridi
558 2012 650 2070 setam
659 2010 800 2069 Mavortis
813 2010 843 2068 in
857 2018 939 2068 antro

248 2117 428 2175 Procubuiffe
440 2102 552 2193 lupam:
574 2116 704 2193 geminos
716 2115 785 2173 huic
797 2118 885 2173 ubera
898 2115 1007 2177 circum

249 2200 362 2278 Ludere
373 2218 524 2297 pendentis
535 2237 648 2295 pueros,
668 2226 698 2276 et
710 2218 836 2277 lambere
848 2228 969 2279 matrem

247 2322 414 2398 Inpavidos;
435 2322 516 2379 illam
529 2321 612 2379 tereti
625 2320 735 2381 cervice
748 2323 885 2381 reflexam
956 2372 958 2377 ,

248 2425 380 2483 Mulcere
392 2424 525 2493 alternos,
545 2432 575 2481 et
587 2442 703 2501 corpora
716 2426 826 2502 fingere
839 2425 948 2503 lingui.

284 2528 349 2585 Nec
368 2527 469 2604 procul
488 2525 559 2585 hinc
575 2527 707 2598 Romam,
728 2537 758 2586 et
775 2540 869 2607 raptas
886 2530 944 2588 fine
961 2548 1040 2589 more

358 2629 485 2687 ,Sabinas

247 2732 383 2791 Conseffu
396 2752 498 2801 caveae,
518 2732 632 2809 magnis
644 2731 825 2791 Circensibus
839 2733 917 2801 aslis,

246 2835 423 2906 Addiderat3
444 2834 596 2910 subitoque
608 2854 716 2894 novum
729 2836 897 2911 consurgere
910 2834 1018 2899 bellum

112 2988 126 2993 ..
247 2938 421 3006 Romulidis,
440 2938 585 3014 Tatioque
597 2936 668 3007 seni,
688 2936 869 3011 Curibusque
882 2935 992 2996 severis.

246 3042 309 3099 Post
321 3042 409 3108 idem,
427 3040 505 3097 iuter
516 3039 545 3097 se
558 3040 648 3115 posito
662 3039 826 3106 certamine,
847 3054 927 3113 reges

246 3144 371 3210 Armati,
390 3140 468 3219 Jovis
481 3150 548 3199 ante
560 3160 648 3211 aram,
669 3150 835 3217 paterasque
849 3147 985 3215 tenentes,

246 3245 375 3316 Stabant,
395 3251 426 3301 et
438 3244 509 3301 caesa
516 3242 680 3321 jungebant
692 3242 797 3301 soedera
810 3244 903 3321 porci.
