2509 3875
226 331 282 389 nn
484 332 760 402 AENEIDOS,
912 336 1020 389 v.435.

262 485 321 544 Hic
328 484 451 563 juvenis,
461 484 565 546 *vatem
578 489 714 557 inridens,
734 489 771 546 stc
784 486 845 544 orsa
858 485 979 544 vicissim

224 587 283 646 Ore
295 589 397 646 refert:
420 591 518 648 Claffis
531 591 655 649 invedias
665 589 821 666 Thybridis
834 590 950 655 undam,

224 689 303 759 Non,
323 701 357 748 ut
369 710 440 760 rere,
460 711 537 750 meas
549 686 785 768 effugit'‚nuntius
799 691 890 748 auris:

224 791 273 848 Ne
288 801 381 850 tantos
395 793 467 850 mibi
484 794 562 871 finge
574 805 683 866 metus,
704 812 758 851 nec
771 791 852 869 regia
865 794 942 869 Juno

223 893 370 952 Inmemor
382 895 422 952 est
434 896 529 954 nostri.

224 997 279 1052 Sed
292 1007 323 1053 te
334 998 408 1054 vidia
419 995 483 1067 iitu,
503 997 620 1074 verique
634 997 727 1065 effeta,
747 997 882 1065 senedius,

223 1097 252 1155 Ο
265 1100 371 1156 mater!
394 1099 469 1156 curis
482 1101 675 1176 nequidquam
688 1109 811 1166 exercet,
830 1108 868 1165 et,
889 1116 967 1156 arma

223 1201 336 1276 Regum
349 1200 433 1269 inter,
452 1201 522 1258 salii
534 1214 629 1259 vatem
642 1201 795 1258 formidine
808 1201 892 1258 ludit.

224 1303 299 1359 Cura
314 1303 377 1371 tibi,
398 1302 498 1360 divum
510 1303 629 1379 effigies,
651 1313 680 1360 et
694 1303 799 1379 templa
814 1301 900 1358 tueri:

222 1403 302 1461 Bella
314 1404 378 1473 viri,
396 1423 552 1480 pacemque
565 1413 674 1480 gerent,
692 1406 756 1480 quis
771 1404 845 1461 bella
859 1403 991 1480 gerenda.
1030 1471 1034 1482 ¹

261 1506 382 1563 Talibus
396 1507 509 1564 Allecto
522 1506 603 1564 dictis
616 1507 718 1564 exarfit
731 1505 762 1562 in
775 1506 843 1563 iras:

224 1609 275 1676 At,
292 1606 393 1684 juveni
405 1607 498 1665 oranti
511 1607 629 1678 subitus,
651 1617 757 1665 tremor
768 1617 888 1684 occupat
900 1616 991 1677 artus,

224 1710 382 1787 Deriguere
395 1710 489 1781 oculi,
511 1721 554 1767 tot
567 1711 690 1786 Erinnys
704 1711 795 1768 fibilat
808 1709 915 1786 hydris,

224 1814 375 1888 Tantaque
386 1812 413 1869 se
423 1813 510 1870 facies
520 1814 619 1890 aperit.
640 1815 728 1882 Tum,
741 1806 873 1870 flammea
887 1823 1020 1887 torquens

225 1915 358 1984 Lumina,
378 1915 570 1985 nuntiantem,
590 1926 620 1973 et
634 1927 811 1991 quaerentem
824 1915 918 1973 dicere
929 1916 1020 1993 plura,

224 2017 355 2094 Repulit,
376 2029 407 2076 et
418 2019 547 2095 geminos
560 2018 652 2075 erexit
664 2019 788 2075 crinibus
802 2018 913 2094 anguis,

223 2120 407 2196 verberaque
420 2120 555 2189 insonuit,
575 2121 732 2196 rabidoque
745 2121 806 2177 haec
820 2121 930 2179 addidit
943 2140 1009 2179 ore:

222 2222 283 2278 En!
306 2241 360 2298 ego
373 2222 446 2278 vidia
461 2223 532 2292 situ,
554 2241 651 2296 quam,
671 2222 730 2279 veri
750 2222 844 2291 effeta,
865 2225 1002 2292 senedus,

223 2321 315 2379 Anna
327 2323 404 2379 iuter
416 2340 528 2397 regum,
548 2322 618 2379 falsi
631 2323 785 2381 formidine
797 2325 890 2382 ludit:

224 2425 343 2500 Respice
356 2425 482 2481 adhaec:
504 2425 605 2482 adsum
615 2426 740 2485 dirarum
750 2430 786 2485 ab
799 2429 864 2485 sede
874 2428 1020 2499 sororum

224 2526 303 2597 Hella
316 2544 415 2593 manu,
433 2526 590 2602 letumque,
610 2546 687 2602 gero.

238 2618 250 2702 ζ
265 2628 311 2686 Sic
323 2628 417 2698 effata,
438 2629 531 2686 facem
539 2627 641 2705 juveni
657 2629 788 2707 conjecit,
809 2642 839 2690 et
851 2642 912 2690 atro

224 2706 350 2811 immine
363 2730 501 2787 fumantis
514 2730 579 2787 fixit
593 2731 647 2788 sub
659 2734 772 2809 petitore
786 2736 881 2792 taedas.

181 2806 189 2822 ⁹
225 2829 288 2893 otti
301 2834 433 2891 somnum
442 2832 544 2909 ingens
557 2833 665 2909 rumpit
677 2852 777 2911 pavor3
799 2836 920 2912 otiaque,
934 2846 963 2894 et
977 2856 1021 2895 ar·

304 2947 359 3003 tus,

226 3038 386 3106 Perfundit,
407 3045 468 3094 toto
480 3045 634 3113 proruptus
646 3056 771 3113 corpore,
791 3038 883 3098 sudor.

225 3142 316 3199 Arma
327 3152 424 3239 aurens
435 3138 533 3195 fremit
538 3164 546 3209 3
562 3158 640 3195 arma
652 3149 722 3206 toro,
734 3142 880 3217 rediisque,
892 3144 1019 3220 requirit.

227 3242 313 3300 Saevit
324 3242 405 3299 arnor
416 3242 495 3312 ferri,
514 3252 544 3298 et
557 3240 691 3299 scelerata
702 3241 811 3301 insania
826 3245 904 3315 belli,
