2509 3875
261 300 301 359 56
523 304 799 374 AENEIDOS,
950 308 1060 375 v.700.
1171 341 1178 358 .

300 456 343 513 At
355 464 437 533 pater
448 458 567 529 AEneas,
582 458 653 519 'casu
665 461 813 520 concutiue
826 460 936 526 acerbo,

260 559 293 616 N
294 577 350 616 unc
363 559 420 617 huc
432 560 569 637 ingentis,
589 582 668 620 nunc
679 563 759 632 illuc,
779 560 892 637 petitore
904 578 987 617 curan

259 660 396 718 Mutabat
408 660 520 719 versans
526 688 536 735 5
557 664 696 722 Siculisne
710 664 844 721 resideret
856 662 939 730 ervit,

259 761 377 819 Oblitus
389 762 523 834 fatorum,
544 766 667 824 Italasne
679 765 830 842 capesseret
843 783 915 822 oras.

258 864 336 921 Tum
349 864 442 923 senior
454 865 575 936 Nautes,
596 886 689 925 unum
702 866 835 924 Tritonia
848 865 939 923 Pallas

259 965 358 1023 Quem
371 966 478 1035 docuit,
498 968 648 1044 multique
660 968 802 1045 infignem
814 966 939 1025 reddidit
951 973 1021 1035 arte,

257 1066 316 1124 Hic
328 1066 458 1143 responsa
471 1069 566 1138 dabat,
585 1070 631 1127 vel
645 1089 710 1145 quae
722 1069 904 1144 portenderet
916 1068 959 1125 ira

256 1168 368 1244 Magna
380 1170 476 1239 deum,
496 1173 543 1229 vel
555 1190 619 1246 quae
633 1172 758 1229 satorum
766 1169 897 1247 'posceret
909 1171 993 1228 ordo:

256 1270 341 1344 Isque
354 1270 399 1328 his
412 1272 529 1329 AEnean
541 1272 646 1341 solatur
659 1272 777 1330 vocibus
789 1270 869 1331 infit:

256 1372 335 1431 Nate
347 1372 410 1444 dei,
430 1393 489 1450 qun
500 1375 560 1433 fata
574 1374 701 1447 trahunt,
720 1376 935 1450 retrahuntque,
954 1375 1053 1452 sequa-

335 1494 414 1532 mur·
991 1535 994 1543 .

257 1516 415 1653 Quidquid
427 1576 494 1637 erit:
517 1576 674 1657 superanda
689 1579 784 1639 omnir
799 1580 916 1640 fortuna
935 1580 1055 1639 ferendo

333 1678 382 1737 est.

254 1778 302 1837 Est
315 1780 369 1838 tibi
382 1782 553 1851 Dardanius,
574 1783 680 1842 divinae
693 1784 795 1862 stirpis,
815 1784 945 1857 Acesten

255 1882 344 1941 Hunc
357 1902 426 1961 cape
439 1884 561 1943 consiliis
569 1885 687 1957 socium,
697 1895 728 1944 et
737 1884 880 1964 conjunge
892 1887 1050 1946 volentem:

253 1986 332 2046 Huic
346 1989 433 2057 trade,
454 1989 558 2047 amissis
571 1989 704 2066 superant
719 1989 771 2065 qui
784 1990 917 2057 navibus,
937 1998 967 2046 et
979 2009 1052 2064 quor

152 2095 159 2106 ’
253 2088 407 2146 Pertaesum
422 2090 520 2166 magni
533 2091 651 2167 incepti,
670 2109 823 2166 rerumque
836 2100 959 2160 tuarum,
975 2092 1030 2161 «τῆς

238 2191 467 2266 ¹Longaevosque
483 2191 571 2261 senes,
592 2209 635 2258 ac,
655 2192 737 2250 fetias
749 2211 871 2267 aequore,
891 2200 1010 2250 matres:
1114 2229 1119 2242 ι

252 2293 290 2349 Et
308 2292 448 2367 quidquid
465 2301 559 2352 tecum
578 2293 751 2365 invalidum,
770 2303 959 2371 metuensque
974 2295 1051 2372 peri·

328 2393 366 2451 cii
379 2395 427 2462 est,

250 2495 369 2571 Delige3
390 2506 420 2553 et
433 2495 478 2553 his
491 2497 595 2554 abeant
608 2497 698 2566 terris,
719 2498 787 2567 fine,
806 2497 913 2558 moeuia
927 2497 1005 2556 feffir

250 2598 363 2657 Urbem
376 2598 569 2676 adpellabunt‚
588 2600 722 2676 permisso
735 2601 861 2671 nomine,
876 2601 1034 2666 Acestam.'

256 2772 266 2794 ι
288 2701 408 2759 Talibus
420 2701 551 2760 incensus
564 2702 647 2760 dictis
660 2703 777 2762 senioris
789 2704 891 2762 amicir

251 2804 330 2864 Tum
343 2822 410 2862 vero
423 2803 454 2860 in
468 2822 548 2862 curas
561 2805 692 2864 animum
704 2805 851 2864 diducitur
862 2807 970 2880 omniur

250 2906 289 2963 Et
303 2905 373 2963 Nox
387 2915 446 2966 utra
459 2905 567 2982 polum,
588 2907 664 2984 bigis
676 2907 819 2978 subvetia,
839 2912 966 2968 tenebat.

248 3007 318 3065 Visa
331 3007 437 3065 dehinc
449 3008 519 3065 caeln
533 3009 619 3066 facies
633 3009 746 3068 delnbse
758 3011 885 3087 parentis

248 3109 384 3170 Anchisae
396 3109 490 3167 subito
503 3110 567 3168 talis
580 3110 728 3169 effimdere
741 3131 837 3170 vocer:

247 3211 336 3283 Nate,
356 3211 428 3270 mihi
441 3211 501 3270 virt
513 3214 667 3289 quondam,
687 3215 758 3274 dum
770 3214 830 3273 vita
842 3217 987 3287 manebat,
