<?xml version="1.0" encoding="UTF-8"?>
<!DOCTYPE html PUBLIC "-//W3C//DTD XHTML 1.0 Transitional//EN"
    "http://www.w3.org/TR/xhtml1/DTD/xhtml1-transitional.dtd">
<html xmlns="http://www.w3.org/1999/xhtml" xml:lang="en" lang="en">
 <head>
  <title>
</title>
<meta http-equiv="Content-Type" content="text/html;charset=utf-8" />
  <meta name='ocr-system' content='tesseract 3.04.00' />
  <meta name='ocr-capabilities' content='ocr_page ocr_carea ocr_par ocr_line ocrx_word'/>
</head>
<body>
  <div class='ocr_page' id='page_1' title='image "./pvirgiliimaroni01wakegoog/pvirgiliimaroni01wakegoog_0223.png"; bbox 0 0 2509 3875; ppageno 0'>
   <div class='ocr_carea' id='block_1_1' title="bbox 170 358 972 419">
    <p class='ocr_par' dir='ltr' id='par_1_1' title="bbox 170 358 972 419">
     <span class='ocr_line' id='line_1_1' title="bbox 170 358 972 419; baseline -0.001 -2"><span class='ocrx_word' id='word_1_1' title='bbox 170 376 199 417; x_wconf 87' lang='lat' dir='ltr'><strong>v.</strong></span> <span class='ocrx_word' id='word_1_2' title='bbox 212 358 282 418; x_wconf 76' lang='lat'><strong>464.</strong></span> <span class='ocrx_word' id='word_1_3' title='bbox 479 358 578 418; x_wconf 89' lang='lat' dir='ltr'><strong>LIB.</strong></span> <span class='ocrx_word' id='word_1_4' title='bbox 617 360 657 419; x_wconf 88' lang='lat' dir='ltr'><strong>X.</strong></span> <span class='ocrx_word' id='word_1_5' title='bbox 916 367 972 417; x_wconf 83' lang='lat'><strong>211</strong></span> 
     </span>
    </p>
   </div>
   <div class='ocr_carea' id='block_1_2' title="bbox 76 512 972 2864">
    <p class='ocr_par' dir='ltr' id='par_1_2' title="bbox 169 512 919 594">
     <span class='ocr_line' id='line_1_2' title="bbox 169 512 919 594; baseline -0.004 -20"><span class='ocrx_word' id='word_1_6' title='bbox 169 514 277 574; x_wconf 86' lang='lat' dir='ltr'><strong>Audiit</strong></span> <span class='ocrx_word' id='word_1_7' title='bbox 291 514 406 574; x_wconf 81' lang='lat' dir='ltr'>Alcides</span> <span class='ocrx_word' id='word_1_8' title='bbox 415 514 561 594; x_wconf 81' lang='lat' dir='ltr'><strong>juvenem,</strong></span> <span class='ocrx_word' id='word_1_9' title='bbox 581 514 780 592; x_wconf 85' lang='lat' dir='ltr'><strong>magnumque</strong></span> <span class='ocrx_word' id='word_1_10' title='bbox 793 513 845 573; x_wconf 88' lang='lat' dir='ltr'><strong>sub</strong></span> <span class='ocrx_word' id='word_1_11' title='bbox 858 512 919 572; x_wconf 86' lang='lat' dir='ltr'><strong>imo</strong></span> 
     </span>
    </p>

    <p class='ocr_par' dir='ltr' id='par_1_3' title="bbox 170 614 972 694">
     <span class='ocr_line' id='line_1_3' title="bbox 170 614 972 694; baseline 0.002 -20"><span class='ocrx_word' id='word_1_12' title='bbox 170 617 267 675; x_wconf 87' lang='lat' dir='ltr'>Corde</span> <span class='ocrx_word' id='word_1_13' title='bbox 275 618 381 694; x_wconf 85' lang='lat' dir='ltr'>premit</span> <span class='ocrx_word' id='word_1_14' title='bbox 389 619 541 694; x_wconf 81' lang='lat' dir='ltr'><strong>gemitum,</strong></span> <span class='ocrx_word' id='word_1_15' title='bbox 552 618 740 693; x_wconf 82' lang='lat' dir='ltr'><strong>lacrimasque</strong></span> <span class='ocrx_word' id='word_1_16' title='bbox 750 614 855 674; x_wconf 85' lang='lat' dir='ltr'><strong>effudit</strong></span> <span class='ocrx_word' id='word_1_17' title='bbox 862 616 972 677; x_wconf 83' lang='lat' dir='ltr'><strong>inanes.</strong></span> 
     </span>
    </p>

    <p class='ocr_par' dir='ltr' id='par_1_4' title="bbox 169 719 845 779">
     <span class='ocr_line' id='line_1_4' title="bbox 169 719 845 779; baseline -0.004 -2"><span class='ocrx_word' id='word_1_18' title='bbox 169 720 249 777; x_wconf 77' lang='lat' dir='ltr'><strong>‘rum</strong></span> <span class='ocrx_word' id='word_1_19' title='bbox 262 720 384 777; x_wconf 86' lang='lat' dir='ltr'>Genitor</span> <span class='ocrx_word' id='word_1_20' title='bbox 397 730 497 779; x_wconf 89' lang='lat' dir='ltr'><strong>natum</strong></span> <span class='ocrx_word' id='word_1_21' title='bbox 509 721 592 779; x_wconf 74' lang='lat' dir='ltr'><strong>dieis</strong></span> <span class='ocrx_word' id='word_1_22' title='bbox 605 720 720 778; x_wconf 82' lang='lat' dir='ltr'>adfatur</span> <span class='ocrx_word' id='word_1_23' title='bbox 732 719 845 777; x_wconf 80' lang='lat' dir='ltr'><strong>amicis:</strong></span> 
     </span>
    </p>

    <p class='ocr_par' dir='ltr' id='par_1_5' title="bbox 170 821 971 900">
     <span class='ocr_line' id='line_1_5' title="bbox 170 821 971 900; baseline 0.002 -21"><span class='ocrx_word' id='word_1_24' title='bbox 170 821 234 879; x_wconf 82' lang='lat' dir='ltr'>Stat</span> <span class='ocrx_word' id='word_1_25' title='bbox 246 822 295 879; x_wconf 90' lang='lat' dir='ltr'><strong>sua</strong></span> <span class='ocrx_word' id='word_1_26' title='bbox 308 821 413 898; x_wconf 86' lang='lat' dir='ltr'><strong>cuique</strong></span> <span class='ocrx_word' id='word_1_27' title='bbox 426 822 499 880; x_wconf 83' lang='lat' dir='ltr'><strong>dies:</strong></span> <span class='ocrx_word' id='word_1_28' title='bbox 522 824 618 893; x_wconf 85' lang='lat' dir='ltr'><strong>breve,</strong></span> <span class='ocrx_word' id='word_1_29' title='bbox 636 832 666 881; x_wconf 89' lang='lat' dir='ltr'><strong>et</strong></span> <span class='ocrx_word' id='word_1_30' title='bbox 679 821 877 900; x_wconf 85' lang='lat' dir='ltr'>inreparabile,</span> <span class='ocrx_word' id='word_1_31' title='bbox 899 832 971 881; x_wconf 89' lang='lat' dir='ltr'><strong>tem·</strong></span> 
     </span>
    </p>

    <p class='ocr_par' dir='ltr' id='par_1_6' title="bbox 250 928 453 1001">
     <span class='ocr_line' id='line_1_6' title="bbox 250 928 453 1001; baseline 0.005 -19"><span class='ocrx_word' id='word_1_32' title='bbox 250 944 303 1001; x_wconf 85' lang='lat' dir='ltr'><strong>pus</strong></span> <span class='ocrx_word' id='word_1_33' title='bbox 341 962 344 969; x_wconf 28' lang='grc' dir='ltr'><strong>Δ</strong></span> <span class='ocrx_word' id='word_1_34' title='bbox 451 928 453 933; x_wconf 83' lang='grc'><strong>’</strong></span> 
     </span>
    </p>

    <p class='ocr_par' dir='ltr' id='par_1_7' title="bbox 171 1026 933 1099">
     <span class='ocr_line' id='line_1_7' title="bbox 171 1026 933 1099; baseline 0 -14"><span class='ocrx_word' id='word_1_35' title='bbox 171 1026 316 1085; x_wconf 83' lang='lat' dir='ltr'><strong>Omnibus</strong></span> <span class='ocrx_word' id='word_1_36' title='bbox 329 1027 369 1086; x_wconf 84' lang='lat' dir='ltr'><strong>est</strong></span> <span class='ocrx_word' id='word_1_37' title='bbox 381 1027 462 1099; x_wconf 77' lang='lat' dir='ltr'><strong>vitae3</strong></span> <span class='ocrx_word' id='word_1_38' title='bbox 484 1028 533 1087; x_wconf 89' lang='lat' dir='ltr'><strong>sed</strong></span> <span class='ocrx_word' id='word_1_39' title='bbox 546 1028 655 1087; x_wconf 86' lang='lat' dir='ltr'><strong>famam</strong></span> <span class='ocrx_word' id='word_1_40' title='bbox 673 1027 829 1085; x_wconf 79' lang='lat' dir='ltr'>extendere</span> <span class='ocrx_word' id='word_1_41' title='bbox 841 1026 933 1096; x_wconf 65' lang='lat' dir='ltr'><strong>saetis,</strong></span> 
     </span>
    </p>

    <p class='ocr_par' dir='ltr' id='par_1_8' title="bbox 170 1128 897 1209">
     <span class='ocr_line' id='line_1_8' title="bbox 170 1128 897 1209; baseline -0.004 -20"><span class='ocrx_word' id='word_1_42' title='bbox 170 1130 237 1189; x_wconf 89' lang='lat' dir='ltr'><strong>Hoc</strong></span> <span class='ocrx_word' id='word_1_43' title='bbox 251 1131 366 1189; x_wconf 86' lang='lat' dir='ltr'><strong>virtutis</strong></span> <span class='ocrx_word' id='word_1_44' title='bbox 379 1150 459 1208; x_wconf 87' lang='lat' dir='ltr'><strong>opus.</strong></span> <span class='ocrx_word' id='word_1_45' title='bbox 499 1130 594 1209; x_wconf 84' lang='lat' dir='ltr'><strong>Trojae</strong></span> <span class='ocrx_word' id='word_1_46' title='bbox 608 1131 661 1189; x_wconf 87' lang='lat' dir='ltr'><strong>sub</strong></span> <span class='ocrx_word' id='word_1_47' title='bbox 673 1130 818 1189; x_wconf 86' lang='lat' dir='ltr'><strong>moenibus</strong></span> <span class='ocrx_word' id='word_1_48' title='bbox 830 1128 897 1187; x_wconf 67' lang='lat' dir='ltr'><strong>alri‘e</strong></span> 
     </span>
    </p>

    <p class='ocr_par' dir='ltr' id='par_1_9' title="bbox 171 1233 864 1312">
     <span class='ocr_line' id='line_1_9' title="bbox 171 1233 864 1312; baseline 0.003 -21"><span class='ocrx_word' id='word_1_49' title='bbox 171 1233 230 1291; x_wconf 92' lang='lat' dir='ltr'><strong>Tot</strong></span> <span class='ocrx_word' id='word_1_50' title='bbox 244 1235 324 1311; x_wconf 84' lang='lat' dir='ltr'><strong>gnati</strong></span> <span class='ocrx_word' id='word_1_51' title='bbox 338 1234 466 1293; x_wconf 84' lang='lat' dir='ltr'>cecidere</span> <span class='ocrx_word' id='word_1_52' title='bbox 479 1236 580 1293; x_wconf 77' lang='lat' dir='ltr'><strong>deum:</strong></span> <span class='ocrx_word' id='word_1_53' title='bbox 602 1234 674 1312; x_wconf 90' lang='lat' dir='ltr'><strong>quin</strong></span> <span class='ocrx_word' id='word_1_54' title='bbox 686 1233 793 1293; x_wconf 88' lang='lat' dir='ltr'><strong>occidit</strong></span> <span class='ocrx_word' id='word_1_55' title='bbox 806 1254 864 1293; x_wconf 90' lang='lat' dir='ltr'><strong>una</strong></span> 
     </span>
    </p>

    <p class='ocr_par' dir='ltr' id='par_1_10' title="bbox 171 1332 924 1413">
     <span class='ocr_line' id='line_1_10' title="bbox 171 1332 924 1413; baseline 0 -18"><span class='ocrx_word' id='word_1_56' title='bbox 171 1332 324 1413; x_wconf 72' lang='lat' dir='ltr'><strong>Sarpedon,</strong></span> <span class='ocrx_word' id='word_1_57' title='bbox 345 1356 409 1395; x_wconf 89' lang='lat' dir='ltr'><strong>mea</strong></span> <span class='ocrx_word' id='word_1_58' title='bbox 420 1337 579 1413; x_wconf 80' lang='lat' dir='ltr'><strong>progenies.</strong></span> <span class='ocrx_word' id='word_1_59' title='bbox 620 1337 717 1395; x_wconf 88' lang='lat' dir='ltr'><strong>Etiam</strong></span> <span class='ocrx_word' id='word_1_60' title='bbox 730 1338 779 1394; x_wconf 88' lang='lat' dir='ltr'><strong>sna</strong></span> <span class='ocrx_word' id='word_1_61' title='bbox 790 1334 924 1396; x_wconf 87' lang='lat' dir='ltr'><strong>Turnum</strong></span> 
     </span>
    </p>

    <p class='ocr_par' dir='ltr' id='par_1_11' title="bbox 171 1438 879 1516">
     <span class='ocr_line' id='line_1_11' title="bbox 171 1438 879 1516; baseline 0 -19"><span class='ocrx_word' id='word_1_62' title='bbox 171 1439 367 1509; x_wconf 80' lang='lat' dir='ltr'><strong>Fatavocaut,</strong></span> <span class='ocrx_word' id='word_1_63' title='bbox 388 1450 536 1515; x_wconf 87' lang='lat' dir='ltr'><strong>metasque</strong></span> <span class='ocrx_word' id='word_1_64' title='bbox 548 1438 609 1497; x_wconf 86' lang='lat' dir='ltr'><strong>dati</strong></span> <span class='ocrx_word' id='word_1_65' title='bbox 621 1440 753 1516; x_wconf 87' lang='lat' dir='ltr'><strong>pervenit</strong></span> <span class='ocrx_word' id='word_1_66' title='bbox 765 1441 802 1497; x_wconf 91' lang='lat' dir='ltr'><strong>ad</strong></span> <span class='ocrx_word' id='word_1_67' title='bbox 814 1441 879 1498; x_wconf 85' lang='lat' dir='ltr'><strong>aevi.</strong></span> 
     </span>
    </p>

    <p class='ocr_par' dir='ltr' id='par_1_12' title="bbox 172 1540 948 1723">
     <span class='ocr_line' id='line_1_12' title="bbox 172 1540 948 1619; baseline 0.003 -20"><span class='ocrx_word' id='word_1_68' title='bbox 172 1542 219 1599; x_wconf 89' lang='lat' dir='ltr'><strong>Sic</strong></span> <span class='ocrx_word' id='word_1_69' title='bbox 231 1542 282 1611; x_wconf 85' lang='lat' dir='ltr'><strong>ait,</strong></span> <span class='ocrx_word' id='word_1_70' title='bbox 303 1546 399 1619; x_wconf 80' lang='lat' dir='ltr'><strong>atque&#39;</strong></span> <span class='ocrx_word' id='word_1_71' title='bbox 408 1542 505 1600; x_wconf 82' lang='lat' dir='ltr'><strong>oculos</strong></span> <span class='ocrx_word' id='word_1_72' title='bbox 519 1541 694 1599; x_wconf 82' lang='lat' dir='ltr'><strong>Rutulorum</strong></span> <span class='ocrx_word' id='word_1_73' title='bbox 706 1540 799 1618; x_wconf 88' lang='lat' dir='ltr'><strong>rejicit</strong></span> <span class='ocrx_word' id='word_1_74' title='bbox 812 1542 894 1601; x_wconf 84' lang='lat' dir='ltr'><strong>arvis.</strong></span> <span class='ocrx_word' id='word_1_75' title='bbox 944 1586 948 1592; x_wconf 67' lang='grc'><strong>.</strong></span> 
     </span>
     <span class='ocr_line' id='line_1_13' title="bbox 210 1644 859 1723; baseline 0 -21"><span class='ocrx_word' id='word_1_76' title='bbox 210 1647 254 1702; x_wconf 91' lang='lat' dir='ltr'><strong>At</strong></span> <span class='ocrx_word' id='word_1_77' title='bbox 267 1646 357 1704; x_wconf 84' lang='lat' dir='ltr'><strong>Pallas</strong></span> <span class='ocrx_word' id='word_1_78' title='bbox 370 1644 483 1723; x_wconf 87' lang='lat' dir='ltr'><strong>magnis</strong></span> <span class='ocrx_word' id='word_1_79' title='bbox 497 1644 607 1703; x_wconf 86' lang='lat' dir='ltr'><strong>emittit</strong></span> <span class='ocrx_word' id='word_1_80' title='bbox 620 1644 729 1703; x_wconf 84' lang='lat' dir='ltr'><strong>viribus</strong></span> <span class='ocrx_word' id='word_1_81' title='bbox 742 1644 859 1714; x_wconf 82' lang='lat' dir='ltr'><strong>hastam,</strong></span> 
     </span>
    </p>

    <p class='ocr_par' dir='ltr' id='par_1_13' title="bbox 172 1747 842 1833">
     <span class='ocr_line' id='line_1_14' title="bbox 172 1747 842 1833; baseline 0.004 -28"><span class='ocrx_word' id='word_1_82' title='bbox 172 1747 345 1825; x_wconf 75' lang='lat' dir='ltr'><strong>vaginaque</strong></span> <span class='ocrx_word' id='word_1_83' title='bbox 358 1751 427 1808; x_wconf 72' lang='lat' dir='ltr'><strong>cava</strong></span> <span class='ocrx_word' id='word_1_84' title='bbox 440 1750 602 1833; x_wconf 81' lang='lat' dir='ltr'><strong>fulgentem</strong></span> <span class='ocrx_word' id='word_1_85' title='bbox 617 1749 723 1826; x_wconf 84' lang='lat' dir='ltr'><strong>deripit</strong></span> <span class='ocrx_word' id='word_1_86' title='bbox 735 1750 842 1808; x_wconf 88' lang='lat' dir='ltr'><strong>ensem.</strong></span> 
     </span>
    </p>

    <p class='ocr_par' dir='ltr' id='par_1_14' title="bbox 113 1850 972 1929">
     <span class='ocr_line' id='line_1_15' title="bbox 113 1850 972 1929; baseline 0.006 -22"><span class='ocrx_word' id='word_1_87' title='bbox 113 1926 114 1929; x_wconf 7' lang='grc' dir='ltr'><strong>Ἴ</strong></span> <span class='ocrx_word' id='word_1_88' title='bbox 171 1850 226 1908; x_wconf 88' lang='lat' dir='ltr'><strong>Illa</strong></span> <span class='ocrx_word' id='word_1_89' title='bbox 239 1851 347 1921; x_wconf 87' lang='lat' dir='ltr'><strong>volans,</strong></span> <span class='ocrx_word' id='word_1_90' title='bbox 367 1851 493 1910; x_wconf 88' lang='lat' dir='ltr'><strong>humeris</strong></span> <span class='ocrx_word' id='word_1_91' title='bbox 507 1851 628 1928; x_wconf 84' lang='lat' dir='ltr'><strong>surgunt</strong></span> <span class='ocrx_word' id='word_1_92' title='bbox 642 1853 700 1927; x_wconf 75' lang='lat' dir='ltr'><strong>qua</strong></span> <span class='ocrx_word' id='word_1_93' title='bbox 712 1854 841 1929; x_wconf 85' lang='lat' dir='ltr'><strong>tegmina</strong></span> <span class='ocrx_word' id='word_1_94' title='bbox 852 1852 972 1926; x_wconf 86' lang='lat' dir='ltr'><strong>summa,</strong></span> 
     </span>
    </p>

    <p class='ocr_par' dir='ltr' id='par_1_15' title="bbox 170 1954 913 2034">
     <span class='ocr_line' id='line_1_16' title="bbox 170 1954 913 2034; baseline 0.005 -23"><span class='ocrx_word' id='word_1_95' title='bbox 170 1954 292 2028; x_wconf 79' lang='lat' dir='ltr'><strong>Incidit5</strong></span> <span class='ocrx_word' id='word_1_96' title='bbox 314 1965 409 2034; x_wconf 89' lang='lat' dir='ltr'><strong>atque,</strong></span> <span class='ocrx_word' id='word_1_97' title='bbox 423 1955 501 2013; x_wconf 87' lang='lat' dir='ltr'><strong>viam</strong></span> <span class='ocrx_word' id='word_1_98' title='bbox 513 1955 599 2032; x_wconf 88' lang='lat' dir='ltr'><strong>clipei</strong></span> <span class='ocrx_word' id='word_1_99' title='bbox 612 1955 714 2014; x_wconf 88' lang='lat' dir='ltr'><strong>molita</strong></span> <span class='ocrx_word' id='word_1_100' title='bbox 727 1974 863 2032; x_wconf 79' lang='lat' dir='ltr'><strong>peroras,</strong></span> <span class='ocrx_word' id='word_1_101' title='bbox 909 1995 913 2003; x_wconf 88' lang='lat'><em>-</em></span> 
     </span>
    </p>

    <p class='ocr_par' dir='ltr' id='par_1_16' title="bbox 168 2058 942 2136">
     <span class='ocr_line' id='line_1_17' title="bbox 168 2058 942 2136; baseline 0.003 -20"><span class='ocrx_word' id='word_1_102' title='bbox 168 2059 301 2118; x_wconf 86' lang='lat' dir='ltr'><strong>Tandem</strong></span> <span class='ocrx_word' id='word_1_103' title='bbox 314 2059 404 2118; x_wconf 89' lang='lat' dir='ltr'><strong>etiam</strong></span> <span class='ocrx_word' id='word_1_104' title='bbox 417 2077 524 2136; x_wconf 83' lang='lat' dir='ltr'><strong>magno</strong></span> <span class='ocrx_word' id='word_1_105' title='bbox 537 2058 651 2116; x_wconf 87' lang='lat' dir='ltr'><strong>strinxit</strong></span> <span class='ocrx_word' id='word_1_106' title='bbox 664 2059 701 2117; x_wconf 86' lang='lat' dir='ltr'><strong>de</strong></span> <span class='ocrx_word' id='word_1_107' title='bbox 712 2077 830 2136; x_wconf 87' lang='lat' dir='ltr'><strong>corpore</strong></span> <span class='ocrx_word' id='word_1_108' title='bbox 839 2061 942 2119; x_wconf 85' lang='lat' dir='ltr'><strong>Turni.</strong></span> 
     </span>
    </p>

    <p class='ocr_par' dir='ltr' id='par_1_17' title="bbox 170 2163 810 2240">
     <span class='ocr_line' id='line_1_18' title="bbox 170 2163 810 2240; baseline -0.002 -18"><span class='ocrx_word' id='word_1_109' title='bbox 170 2163 231 2222; x_wconf 91' lang='lat' dir='ltr'><strong>Hic</strong></span> <span class='ocrx_word' id='word_1_110' title='bbox 242 2164 359 2222; x_wconf 85' lang='lat' dir='ltr'><strong>Turnus</strong></span> <span class='ocrx_word' id='word_1_111' title='bbox 372 2164 448 2222; x_wconf 88' lang='lat' dir='ltr'><strong>ferro</strong></span> <span class='ocrx_word' id='word_1_112' title='bbox 461 2163 612 2240; x_wconf 85' lang='lat' dir='ltr'><strong>praefixum</strong></span> <span class='ocrx_word' id='word_1_113' title='bbox 625 2164 714 2220; x_wconf 91' lang='lat' dir='ltr'><strong>robur</strong></span> <span class='ocrx_word' id='word_1_114' title='bbox 725 2172 810 2221; x_wconf 91' lang='lat' dir='ltr'><strong>acuto</strong></span> 
     </span>
    </p>

    <p class='ocr_par' dir='ltr' id='par_1_18' title="bbox 171 2265 944 2344">
     <span class='ocr_line' id='line_1_19' title="bbox 171 2265 944 2344; baseline 0.003 -20"><span class='ocrx_word' id='word_1_115' title='bbox 171 2267 208 2324; x_wconf 83' lang='lat' dir='ltr'><strong>In&#39;</strong></span> <span class='ocrx_word' id='word_1_116' title='bbox 222 2267 359 2339; x_wconf 82' lang='lat' dir='ltr'><strong>Pallanta,</strong></span> <span class='ocrx_word' id='word_1_117' title='bbox 380 2267 429 2326; x_wconf 88' lang='lat' dir='ltr'><strong>diu</strong></span> <span class='ocrx_word' id='word_1_118' title='bbox 443 2267 560 2337; x_wconf 84' lang='lat' dir='ltr'><strong>librans,</strong></span> <span class='ocrx_word' id='word_1_119' title='bbox 576 2265 649 2344; x_wconf 83' lang='lat' dir='ltr'><strong>jacit</strong></span> <span class='ocrx_word' id='word_1_120' title='bbox 654 2291 664 2340; x_wconf 79' lang='lat'>3</span> <span class='ocrx_word' id='word_1_121' title='bbox 686 2278 773 2343; x_wconf 86' lang='lat' dir='ltr'><strong>atque</strong></span> <span class='ocrx_word' id='word_1_122' title='bbox 785 2268 826 2325; x_wconf 91' lang='lat' dir='ltr'><strong>ita</strong></span> <span class='ocrx_word' id='word_1_123' title='bbox 839 2268 944 2335; x_wconf 13' lang='lat' dir='ltr'><strong>faturry</strong></span> 
     </span>
    </p>

    <p class='ocr_par' dir='ltr' id='par_1_19' title="bbox 170 2359 972 2448">
     <span class='ocr_line' id='line_1_20' title="bbox 170 2359 972 2448; baseline 0.001 -18"><span class='ocrx_word' id='word_1_124' title='bbox 170 2359 306 2448; x_wconf 74' lang='lat' dir='ltr'><strong>Adspiee,</strong></span> <span class='ocrx_word' id='word_1_125' title='bbox 321 2390 393 2429; x_wconf 91' lang='lat' dir='ltr'><strong>num</strong></span> <span class='ocrx_word' id='word_1_126' title='bbox 406 2371 534 2448; x_wconf 84' lang='lat' dir='ltr'><strong>magefit</strong></span> <span class='ocrx_word' id='word_1_127' title='bbox 547 2371 671 2429; x_wconf 88' lang='lat' dir='ltr'><strong>nostrum</strong></span> <span class='ocrx_word' id='word_1_128' title='bbox 682 2372 858 2448; x_wconf 88' lang='lat' dir='ltr'><strong>penetrabile</strong></span> <span class='ocrx_word' id='word_1_129' title='bbox 871 2373 972 2431; x_wconf 90' lang='lat' dir='ltr'><strong>telum.</strong></span> 
     </span>
    </p>

    <p class='ocr_par' dir='ltr' id='par_1_20' title="bbox 76 2469 947 2554">
     <span class='ocr_line' id='line_1_21' title="bbox 76 2469 947 2554; baseline 0.006 -23"><span class='ocrx_word' id='word_1_130' title='bbox 76 2469 77 2474; x_wconf 52' lang='lat'>&#39;</span> <span class='ocrx_word' id='word_1_131' title='bbox 211 2473 333 2533; x_wconf 85' lang='lat' dir='ltr'><strong>Dixerat</strong></span> <span class='ocrx_word' id='word_1_132' title='bbox 338 2500 346 2545; x_wconf 76' lang='lat'>5</span> <span class='ocrx_word' id='word_1_133' title='bbox 369 2485 399 2532; x_wconf 89' lang='lat' dir='ltr'><strong>at</strong></span> <span class='ocrx_word' id='word_1_134' title='bbox 411 2474 546 2552; x_wconf 90' lang='lat' dir='ltr'><strong>clipeum,</strong></span> <span class='ocrx_word' id='word_1_135' title='bbox 568 2484 612 2532; x_wconf 93' lang='lat' dir='ltr'><strong>tot</strong></span> <span class='ocrx_word' id='word_1_136' title='bbox 625 2475 695 2532; x_wconf 84' lang='lat' dir='ltr'><strong>ferri</strong></span> <span class='ocrx_word' id='word_1_137' title='bbox 708 2486 798 2554; x_wconf 83' lang='lat' dir='ltr'><strong>terga,</strong></span> <span class='ocrx_word' id='word_1_138' title='bbox 819 2487 863 2535; x_wconf 90' lang='lat' dir='ltr'><strong>tot</strong></span> <span class='ocrx_word' id='word_1_139' title='bbox 875 2478 947 2548; x_wconf 86' lang='lat' dir='ltr'><strong>aeris,</strong></span> 
     </span>
    </p>

    <p class='ocr_par' dir='ltr' id='par_1_21' title="bbox 174 2576 871 2654">
     <span class='ocr_line' id='line_1_22' title="bbox 174 2576 871 2654; baseline 0.006 -20"><span class='ocrx_word' id='word_1_140' title='bbox 174 2576 272 2634; x_wconf 78' lang='lat' dir='ltr'><strong>Quem</strong></span> <span class='ocrx_word' id='word_1_141' title='bbox 286 2578 369 2654; x_wconf 89' lang='lat' dir='ltr'><strong>pellis</strong></span> <span class='ocrx_word' id='word_1_142' title='bbox 383 2579 487 2636; x_wconf 88' lang='lat' dir='ltr'><strong>totiens</strong></span> <span class='ocrx_word' id='word_1_143' title='bbox 500 2581 584 2636; x_wconf 88' lang='lat' dir='ltr'><strong>obeat</strong></span> <span class='ocrx_word' id='word_1_144' title='bbox 597 2579 774 2638; x_wconf 89' lang='lat' dir='ltr'><strong>circumdata</strong></span> <span class='ocrx_word' id='word_1_145' title='bbox 787 2581 871 2650; x_wconf 88' lang='lat' dir='ltr'><strong>tauri,</strong></span> 
     </span>
    </p>

    <p class='ocr_par' dir='ltr' id='par_1_22' title="bbox 172 2679 865 2759">
     <span class='ocr_line' id='line_1_23' title="bbox 172 2679 865 2759; baseline 0.009 -24"><span class='ocrx_word' id='word_1_146' title='bbox 172 2679 310 2738; x_wconf 89' lang='lat' dir='ltr'><strong>Vibranti</strong></span> <span class='ocrx_word' id='word_1_147' title='bbox 323 2681 453 2740; x_wconf 85' lang='lat' dir='ltr'><strong>medium</strong></span> <span class='ocrx_word' id='word_1_148' title='bbox 466 2682 559 2759; x_wconf 86' lang='lat' dir='ltr'><strong>cuspis</strong></span> <span class='ocrx_word' id='word_1_149' title='bbox 572 2686 779 2745; x_wconf 86' lang='lat' dir='ltr'><strong>transverberat</strong></span> <span class='ocrx_word' id='word_1_150' title='bbox 791 2683 865 2755; x_wconf 70' lang='lat' dir='ltr'><strong>idtu3</strong></span> 
     </span>
    </p>

    <p class='ocr_par' dir='ltr' id='par_1_23' title="bbox 173 2783 877 2864">
     <span class='ocr_line' id='line_1_24' title="bbox 173 2783 877 2864; baseline 0 -22"><span class='ocrx_word' id='word_1_151' title='bbox 173 2783 339 2860; x_wconf 65' lang='lat' dir='ltr'><strong>Lorimdue</strong></span> <span class='ocrx_word' id='word_1_152' title='bbox 352 2805 455 2856; x_wconf 85' lang='lat' dir='ltr'><strong>moras,</strong></span> <span class='ocrx_word' id='word_1_153' title='bbox 474 2796 504 2843; x_wconf 88' lang='lat' dir='ltr'><strong>et</strong></span> <span class='ocrx_word' id='word_1_154' title='bbox 517 2785 614 2863; x_wconf 62' lang='lat' dir='ltr'><strong>peetus</strong></span> <span class='ocrx_word' id='word_1_155' title='bbox 627 2787 753 2864; x_wconf 83' lang='lat' dir='ltr'><strong>perforat</strong></span> <span class='ocrx_word' id='word_1_156' title='bbox 766 2787 877 2862; x_wconf 81' lang='lat' dir='ltr'><strong>ingens.</strong></span> 
     </span>
    </p>
   </div>
   <div class='ocr_carea' id='block_1_3' title="bbox 80 2861 961 3274">
    <p class='ocr_par' dir='ltr' id='par_1_24' title="bbox 80 2861 868 2962">
     <span class='ocr_line' id='line_1_25' title="bbox 80 2861 868 2962; baseline -0.009 -12"><span class='ocrx_word' id='word_1_157' title='bbox 80 2861 82 2950; x_wconf 75' lang='lat' dir='ltr'><strong>l</strong></span> <span class='ocrx_word' id='word_1_158' title='bbox 173 2886 228 2944; x_wconf 87' lang='lat' dir='ltr'><strong>llle</strong></span> <span class='ocrx_word' id='word_1_159' title='bbox 241 2886 315 2962; x_wconf 92' lang='lat' dir='ltr'><strong>rapit</strong></span> <span class='ocrx_word' id='word_1_160' title='bbox 329 2888 453 2946; x_wconf 88' lang='lat' dir='ltr'><strong>calidum</strong></span> <span class='ocrx_word' id='word_1_161' title='bbox 469 2888 569 2946; x_wconf 84' lang='lat' dir='ltr'><strong>frustra</strong></span> <span class='ocrx_word' id='word_1_162' title='bbox 583 2889 618 2946; x_wconf 87' lang='lat' dir='ltr'><strong>de</strong></span> <span class='ocrx_word' id='word_1_163' title='bbox 632 2889 748 2947; x_wconf 85' lang='lat' dir='ltr'><strong>volnere</strong></span> <span class='ocrx_word' id='word_1_164' title='bbox 763 2887 868 2944; x_wconf 81' lang='lat' dir='ltr'><strong>telum:</strong></span> 
     </span>
    </p>

    <p class='ocr_par' dir='ltr' id='par_1_25' title="bbox 81 2975 961 3274">
     <span class='ocr_line' id='line_1_26' title="bbox 81 2975 961 3068; baseline 0 -20"><span class='ocrx_word' id='word_1_165' title='bbox 81 2975 83 2990; x_wconf 24' lang='grc' dir='ltr'>Β</span> <span class='ocrx_word' id='word_1_166' title='bbox 173 2991 242 3048; x_wconf 84' lang='lat' dir='ltr'><strong>Una</strong></span> <span class='ocrx_word' id='word_1_167' title='bbox 254 2991 412 3067; x_wconf 73' lang='lat' dir='ltr'><strong>eademque</strong></span> <span class='ocrx_word' id='word_1_168' title='bbox 425 2991 471 3049; x_wconf 74' lang='lat' dir='ltr'><strong>via</strong></span> <span class='ocrx_word' id='word_1_169' title='bbox 484 2991 600 3068; x_wconf 85' lang='lat' dir='ltr'><strong>sanguis</strong></span> <span class='ocrx_word' id='word_1_170' title='bbox 613 2993 783 3067; x_wconf 84' lang='lat' dir='ltr'><strong>animusque</strong></span> <span class='ocrx_word' id='word_1_171' title='bbox 796 2990 961 3066; x_wconf 88' lang='lat' dir='ltr'><strong>sequuntur.</strong></span> 
     </span>
     <span class='ocr_line' id='line_1_27' title="bbox 173 3094 937 3172; baseline -0.004 -17"><span class='ocrx_word' id='word_1_172' title='bbox 173 3095 297 3155; x_wconf 86' lang='lat' dir='ltr'><strong>Conruit</strong></span> <span class='ocrx_word' id='word_1_173' title='bbox 308 3094 340 3152; x_wconf 91' lang='lat' dir='ltr'><strong>in</strong></span> <span class='ocrx_word' id='word_1_174' title='bbox 357 3095 468 3154; x_wconf 83' lang='lat' dir='ltr'><strong>volnus:</strong></span> <span class='ocrx_word' id='word_1_175' title='bbox 491 3095 616 3155; x_wconf 89' lang='lat' dir='ltr'><strong>sonitum</strong></span> <span class='ocrx_word' id='word_1_176' title='bbox 629 3095 803 3172; x_wconf 79' lang='lat' dir='ltr'><strong>superarum</strong></span> <span class='ocrx_word' id='word_1_177' title='bbox 817 3094 937 3152; x_wconf 84' lang='lat' dir='ltr'><strong>dedere:</strong></span> 
     </span>
     <span class='ocr_line' id='line_1_28' title="bbox 173 3197 904 3274; baseline 0 -18"><span class='ocrx_word' id='word_1_178' title='bbox 173 3199 211 3256; x_wconf 90' lang='lat' dir='ltr'><strong>Et</strong></span> <span class='ocrx_word' id='word_1_179' title='bbox 225 3207 331 3256; x_wconf 84' lang='lat' dir='ltr'><strong>terram</strong></span> <span class='ocrx_word' id='word_1_180' title='bbox 345 3197 477 3257; x_wconf 85' lang='lat' dir='ltr'><strong>hostilem</strong></span> <span class='ocrx_word' id='word_1_181' title='bbox 489 3198 614 3257; x_wconf 84' lang='lat' dir='ltr'><strong>moriens</strong></span> <span class='ocrx_word' id='word_1_182' title='bbox 627 3197 702 3274; x_wconf 90' lang='lat' dir='ltr'><strong>petit</strong></span> <span class='ocrx_word' id='word_1_183' title='bbox 715 3217 763 3256; x_wconf 88' lang='lat' dir='ltr'><strong>ore</strong></span> <span class='ocrx_word' id='word_1_184' title='bbox 776 3207 904 3256; x_wconf 90' lang='lat' dir='ltr'><strong>cruento.</strong></span> 
     </span>
    </p>
   </div>
   <div class='ocr_carea' id='block_1_4' title="bbox 84 3301 660 3410">
    <p class='ocr_par' dir='ltr' id='par_1_26' title="bbox 84 3295 660 3410">
     <span class='ocr_line' id='line_1_29' title="bbox 84 3301 660 3410; baseline -0.014 -45"><span class='ocrx_word' id='word_1_185' title='bbox 84 3349 87 3410; x_wconf 45' lang='grc' dir='ltr'><strong>,Ι</strong></span> <span class='ocrx_word' id='word_1_186' title='bbox 174 3303 274 3362; x_wconf 72' lang='lat' dir='ltr'><strong>Quem</strong></span> <span class='ocrx_word' id='word_1_187' title='bbox 286 3303 403 3364; x_wconf 84' lang='lat' dir='ltr'><strong>Turnus</strong></span> <span class='ocrx_word' id='word_1_188' title='bbox 416 3301 500 3383; x_wconf 88' lang='lat' dir='ltr'><strong>super</strong></span> <span class='ocrx_word' id='word_1_189' title='bbox 516 3301 660 3363; x_wconf 78' lang='lat' dir='ltr'><strong>adsistens:</strong></span> 
     </span>
    </p>
   </div>
   <div class='ocr_carea' id='block_1_5' title="bbox 0 0 1263 3875">
    <p class='ocr_par' dir='ltr' id='par_1_27' title="bbox 0 0 1263 3875">
     <span class='ocr_line' id='line_1_30' title="bbox 0 0 1263 3875; baseline 0 0"><span class='ocrx_word' id='word_1_190' title='bbox 0 0 1263 3875; x_wconf 95' lang='lat' dir='ltr'><strong> </strong></span> 
     </span>
    </p>
   </div>
  </div>
 </body>
</html>
