2509 3875
254 320 314 383 266
517 324 792 394 AENEIDOS,
964 321 1056 383 mn.

255 478 294 537 Et
307 476 380 535 solus
393 476 469 537 ferro
480 478 587 539 crimen
601 499 756 539 commune
767 478 911 549 refellam

256 580 319 639 Aut
332 579 435 638 habeat
447 580 549 639 rietus:
571 583 654 641 cedat
666 580 786 641 Iarinia
798 579 934 657 eonjunx.

297 680 359 739 Olli
372 680 468 741 sedato
481 682 625 759 respondit
638 683 723 741 eorde
736 682 869 741 Latinus:

255 781 285 841 Ο
298 783 428 860 prestans
439 784 528 841 animi
536 782 664 860 juvenis!
685 794 828 859 quantum
839 784 900 860 ipse
912 783 1000 841 feroci

256 884 372 943 Virtute
384 884 544 961 exsuperas,
563 895 645 944 tanto
657 904 705 945 me
717 886 860 963 iupenfius
872 904 985 961 aequum
998 886 1040 943 est
1161 925 1166 972 3

194 1022 197 1030 ·
257 986 422 1055 Consulem,
436 996 522 1063 atque
533 988 627 1046 omnis
641 997 819 1045 metuentem
831 988 991 1064 expendere
1001 1006 1051 1045 ea·

334 1086 389 1145 sus.

257 1190 329 1245 Sunt
344 1186 398 1245 tibi
411 1207 498 1266 regna
511 1188 599 1266 patris
612 1188 720 1259 Dauni,
740 1188 806 1247 sunt
819 1189 923 1267 oppida
936 1198 1018 1266 capta

256 1290 353 1349 Multa
365 1308 467 1361 manu3
488 1309 542 1348 nec
555 1309 612 1349 non
625 1310 795 1367 aurumque,
807 1292 986 1367 animusque,
996 1293 1053 1349 La·

335 1392 397 1449 tino
409 1392 461 1449 est:

257 1494 328 1552 Sunt
342 1493 406 1551 aliae
417 1492 548 1571 innuptae
562 1494 646 1553 Latio
658 1504 689 1553 et
702 1494 894 1553 Laurentibus
905 1494 990 1571 agris,

257 1597 321 1655 Nec
334 1616 424 1675 genus
441 1596 596 1655 indecores.
637 1598 704 1657 Sine
715 1618 762 1655 me
775 1597 845 1669 haee,
863 1599 941 1655 haud
953 1598 1056 1657 mollia

334 1700 407 1769 fatu,

258 1801 382 1861 Sublatis
395 1801 502 1879 aperire
515 1801 587 1859 dolis
593 1824 602 1872 3
625 1800 708 1859 fimul
719 1801 775 1859 huc
786 1800 884 1860 animo
896 1801 990 1861 hauri.

258 1902 310 1962 Me
323 1909 420 1962 natam
433 1902 506 1962 nulli
518 1911 649 1962 veterum
658 1901 765 1962 sociare
777 1920 926 1978 procorum

257 2005 310 2066 Fas
323 2016 392 2077 erat,
406 2005 493 2082 idque
506 2023 605 2064 omnes
618 2004 744 2080 divique,
757 2003 954 2080 hominesque,
966 2024 1055 2064 cane·

334 2111 414 2166 bant.

257 2209 358 2268 Vinus
370 2228 466 2268 amore
479 2209 531 2278 tui,
552 2217 675 2286 cognato
687 2208 825 2285 sanguine
837 2207 937 2278 vinies,

257 2310 396 2386 Conjugis
409 2319 438 2368 et
452 2311 554 2368 maestae
566 2309 700 2380 lacrimis,
719 2309 814 2368 vincla
827 2310 923 2368 omnia
936 2309 1017 2387 rupi:

257 2411 421 2469 Promiffam
434 2411 523 2488 eripui
539 2431 644 2488 genero
648 2436 656 2483 3
678 2431 756 2472 arma
768 2411 847 2488 inpia
859 2411 954 2470 sumfi.

257 2515 301 2572 Ex
314 2511 364 2570 illo
377 2512 428 2588 qui
441 2531 488 2570 me
501 2512 588 2582 casus,
608 2533 682 2588 quae,
694 2514 803 2584 Turne,
823 2511 978 2588 sequantur

256 2615 344 2685 Bella,
358 2613 450 2684 videm
471 2623 591 2690 quantos
605 2615 713 2691 primus
725 2615 833 2691 patiare
845 2616 965 2677 labores.

256 2719 305 2778 Bis
316 2717 422 2795 magni
435 2716 503 2776 vini
516 2719 622 2794 pugni,
642 2717 692 2776 vix
705 2719 776 2775 urbe
789 2726 903 2774 tuemur

258 2824 326 2899 Spes
338 2820 437 2891 Italas;
459 2819 583 2876 recalent
595 2819 688 2888 nostro
699 2818 836 2876 Tiberina
848 2818 958 2876 fluenta

256 2923 402 2998 Sanguine
412 2921 515 2989 adhuc,
528 2921 679 2997 campique
688 2919 819 2995 ingentes
829 2919 933 2981 offibus
942 2920 1055 2982 albent.
1170 2929 1172 2933 '

258 3026 327 3082 Quo
339 3025 446 3082 referor
459 3023 558 3082 toties?
580 3041 645 3097 quae
656 3030 784 3078 mentem
797 3020 907 3102 insania
918 3026 1032 3081 mutati

257 3128 399 3184 SiTumo
411 3125 547 3182 exstineto
561 3121 650 3180 socios
661 3121 724 3178 sum
737 3121 844 3179 adscire
855 3132 982 3198 paratus,
1009 3174 1011 3177 .

258 3228 317 3284 Cur
328 3244 387 3284 non
400 3225 539 3284 incolumi
551 3223 646 3300 potius
658 3223 813 3282 certamina
826 3222 912 3280 tolio?
