2509 3875
106 328 113 359 r
202 312 312 374 2147.
513 304 608 365 LIB.
647 307 703 367 IV.
983 308 1004 376 7

198 460 265 535 Ipse
272 458 355 535 jugis
368 460 480 535 Cynthi
493 462 631 537 graditur,
650 462 790 539 mollique
802 462 942 520 fluentem
990 462 996 469 ’

106 584 113 605 ²
197 560 312 619 Fronde
321 562 430 637 premit
437 562 546 620 crinem
559 564 679 642 fingens,
690 574 776 639 atque
786 564 906 640 inplicat
915 582 984 621 auro
991 588 1003 635 ς

197 662 270 719 Tela
284 662 387 721 sonant
401 663 543 721 humeris:
566 666 644 723 haud
656 665 709 723 illo
720 664 833 743 segnior
844 664 907 723 ibat

197 764 324 835 AEneas3
347 774 463 823 tannim
476 766 592 841 egregio
605 768 691 824 decus
703 766 794 823 enitet
806 784 866 823 ore.

238 867 391 941 Postquam
408 866 482 925 altos
492 880 612 925 ventum
628 868 661 924 in
673 867 790 937 montis,
810 878 898 943 atque
920 865 999 927 invia

276 968 373 1037 lustra,

197 1071 287 1128 Ecoel
310 1071 388 1140 sera,
409 1070 471 1128 saxi
486 1069 601 1146 dejeuae
614 1070 730 1141 vertice,
750 1089 843 1146 capra

197 1173 359 1231 Decurrere
365 1172 460 1249 jugis5
482 1173 539 1229 alia
552 1173 587 1229 de
596 1182 680 1248 parte
692 1172 818 1247 patentis

197 1274 410 1332 Transmittunt
422 1274 506 1331 cursu
518 1292 633 1349 campos
644 1284 731 1348 atque
742 1274 856 1350 agmina
869 1274 947 1332 cervi

198 1376 397 1435 Pulverulenta
424 1377 496 1452 sugd
524 1375 692 1452 glomerant,
719 1377 882 1451 montisque
908 1376 996 1435 relin-

275 1486 380 1553 quunt.

197 1580 239 1637 At
250 1599 322 1656 puer
333 1579 476 1638 Ascanius
488 1580 590 1636 mediis
602 1580 634 1636 in
646 1580 769 1639 vallibus
780 1580 840 1637 acri

198 1672 309 1739 Gaudet
321 1700 410 1760 equo:
428 1680 546 1759 jamque
558 1682 610 1739 hos
622 1681 715 1751 cursu,
728 1680 790 1759 jam
801 1682 936 1758 preterit,
955 1682 990 1739 il-

272 1784 313 1841 los
319 1808 328 1854 ς

196 1884 438 1962 Spumantemque
451 1884 512 1942 dari
523 1902 625 1962 pecora
637 1884 715 1942 iuter
725 1884 828 1943 inertia
840 1885 915 1943 votis

196 1987 285 2064 Optat
305 2007 418 2064 aprum,
439 1999 489 2046 aut
506 1988 619 2046 fulvum
634 1985 803 2044 descendere
820 1995 919 2043 moute
930 1983 991 2043 luo·¹

309 2109 387 2149 nem.

229 2192 353 2258 Interea,
372 2209 479 2267 magno
492 2190 606 2248 misceri
618 2209 764 2248 murmure
776 2190 882 2248 coelum

191 2292 312 2368 Incipit;
333 2291 502 2368 insequitur,
522 2290 669 2350 conmixta
686 2291 834 2366 grandine,
855 2293 986 2350 nimbur:

190 2394 228 2450 Et
240 2394 324 2471 Tyrii
337 2393 455 2450 comites
468 2393 576 2470 paffim,
595 2401 626 2449 et
638 2391 762 2469 Trojana
770 2392 916 2468 juventus,

190 2495 409 2571 Dardaniusque
422 2514 509 2570 nepos
521 2493 650 2564 Veneria,
671 2494 778 2552 diversa
791 2514 842 2571 per
854 2515 935 2572 agros

188 2599 276 2656 Tedta
290 2607 372 2654 metu
383 2597 508 2673 petiere:
531 2605 618 2653 ruunt
631 2597 667 2654 de
679 2595 825 2654 montibus
837 2616 945 2655 amnes.

188 2700 360 2776 Speluncam
372 2698 450 2756 Dido
462 2699 521 2755 dux
533 2707 563 2755 et
575 2679 715 2774 Trujanus
727 2700 858 2756 eamdem

187 2801 364 2860 Deveniunt.
404 2799 497 2857 Prima
510 2809 540 2868 et
551 2796 650 2856 Tellus
662 2808 692 2855 et
704 2800 832 2874 pronuba·
845 2800 922 2874 Juno

186 2905 268 2964 Dant
280 2903 407 2978 fignum:
430 2901 533 2958 fulsere
545 2900 635 2977 ignes,
654 2909 684 2957 et
696 2898 824 2956 conscius
836 2897 925 2953 aether

186 3004 361 3074 connubiis5
375 3003 543 3078 summoque
553 3002 701 3058 ulularunt
707 2999 817 3055 vertice
824 2997 982 3075 Nymphae

185 3109 239 3167 Ille
252 3109 312 3165 dies
325 3107 433 3183 primus
446 3105 498 3162 leti
510 3105 675 3180 primusque
686 3100 828 3158 malorum
905 3152 908 3160 ,

185 3209 289 3270 cauua
300 3209 372 3270 suit:
394 3205 578 3284 nequeenim
592 3203 685 3280 specie
697 3199 810 3258 famave
820 3212 962 3274 movetur,
979 3248 984 3252 .
