2509 3875
249 297 290 357 to
510 296 787 367 AENEIDO‘S,
944 293 1051 355 matii.
1166 364 1175 407 t

249 452 356 510 Crebra
370 470 487 521 manum
508 452 580 511 duro
593 452 734 529 crepitant
745 450 798 509 sub
809 451 925 509 volnere
936 450 1031 510 malae.

249 555 312 612 Stat
327 554 421 631 gravis
434 555 574 625 Entellus,
594 555 716 631 nisuque
728 554 857 613 inmotus
872 554 974 611 eodem

250 658 378 735 Corpore
390 658 446 717 tela
458 660 553 729 modo,
565 670 654 735 atque
664 658 754 716 oculis
764 656 961 733 vigilantibus,
972 655 1048 714 exit:

249 761 314 831 Ille,
333 761 414 821 velut
427 762 530 821 celsam
543 772 692 841 oppugnat
704 762 756 838 qui
768 760 894 819 molibus
906 761 1018 831 urbem,

248 864 312 923 Aut
325 874 462 923 montana
476 863 554 922 sedet
566 865 677 922 circum
689 864 801 923 castella
813 862 866 921 sub
878 863 974 930 armis,

248 967 338 1027 Nunc
351 968 412 1039 hos,
434 986 511 1025 nunc
524 968 590 1027 illos
602 968 706 1037 aditus,
726 984 899 1042 omnemque
912 974 1039 1043 pererrat

248 1072 321 1128 Arte
334 1071 445 1142 locum;
466 1082 496 1129 et
508 1070 592 1131 variis
605 1072 763 1131 adsultibus
777 1070 883 1129 inritus
895 1078 1009 1147 urguet.

248 1173 382 1233 Ostendit
394 1175 525 1233 dextram
537 1174 688 1252 insurgens
700 1175 841 1243 Entellus,
859 1183 889 1231 et
902 1173 960 1231 alte

248 1276 374 1335 Extulit:
397 1276 448 1335 ille
460 1278 551 1336 icium
566 1278 730 1362 venientem
743 1298 759 1337 a
772 1277 879 1337 vertice
894 1276 975 1334 velox

248 1380 392 1450 Praevidit,
411 1381 554 1457 celerique
568 1382 679 1440 elabsus
690 1400 809 1459 corpore
820 1379 910 1439 ceffit.

248 1484 378 1543 Entellus
390 1478 464 1543 ¹vites
477 1486 508 1542 in
522 1496 641 1543 ventum
655 1485 772 1543 effudit:
794 1495 826 1542 et
837 1485 923 1553 ultro,

249 1586 312 1665 Ipse
326 1588 431 1665 gravis,
454 1590 644 1665 graviterque,
665 1591 701 1648 ad
715 1599 822 1647 terram
836 1563 1050 1665 ponderesasto
1119 1664 1129 1680 ·

247 1691 401 1751 Concidit:
425 1692 610 1768 utquondam
621 1714 689 1753 cava
700 1693 837 1763 concidit,
850 1702 901 1751 aut
909 1694 1049 1769 Eryman·

221 1818 225 1827 ,
327 1794 387 1863 tho,

248 1898 311 1958 Aut
325 1898 377 1958 Ida
389 1896 421 1960 in
435 1900 550 1978 magnis,
571 1900 715 1960 radicibus
727 1910 818 1970 eruta,
837 1899 932 1977 pinus.

247 2001 433 2080 Consurgunt
445 2003 543 2061 studiis
554 2004 672 2072 Teucri,
691 2013 722 2061 et
732 2001 881 2060 Trinacria
894 2001 999 2077 pubes,

248 2105 276 2162 It
290 2105 398 2164 clamor
410 2106 497 2166 coelo:
519 2105 685 2182 primusque
697 2104 823 2162 adcurrit
836 2102 960 2170 Acestes,

247 2206 481 2282 AEquaevumque
494 2208 530 2264 ab
543 2203 634 2263 humo
645 2205 780 2264 miserans
790 2205 905 2264 adtollit
914 2203 1049 2262 amicum.

247 2310 299 2377 At,
321 2327 378 2366 non
393 2309 520 2366 tardatus
533 2307 599 2366 casu
611 2326 708 2383 neque
720 2307 846 2377 territus,
866 2307 949 2364 beros

246 2409 351 2468 Acrior
364 2411 400 2468 ad
412 2429 541 2486 pugnam
554 2409 638 2478 redit,
658 2428 691 2467 ac
705 2410 765 2467 vim
778 2409 894 2466 suscitat
905 2408 961 2466 iri:

246 2513 324 2572 Tum
338 2513 431 2589 pudor
443 2512 573 2570 incendit
585 2513 668 2582 vires,
688 2521 719 2570 et
730 2511 842 2569 conscia
855 2493 973 2581 virtus3⁸

247 2599 483 2694 Praecipitemque
498 2616 593 2673 Daren
608 2615 709 2673 ardens
723 2614 784 2691 agit
797 2633 909 2690 aequore
922 2621 997 2682 tot03

210 2783 213 2794 ¹
247 2718 336 2776 Nunc
348 2718 449 2776 dextri
462 2717 643 2795 ingeminans
655 2717 736 2785 ictus,
757 2735 835 2774 uunc
847 2715 899 2774 ille
910 2715 1029 2774 finistrl.

247 2818 312 2880 Nec
334 2839 422 2892 mora,
447 2839 501 2878 nec
523 2821 652 2900 requies:
682 2836 771 2896 quam
794 2819 887 2876 multi
908 2817 1049 2896 grandine

325 2924 419 2982 nimbi
715 2978 721 2993 ,

247 3026 431 3086 Culminibus
443 3025 592 3101 crepitant,
614 3023 652 3082 fic
667 3023 759 3082 densis
771 3023 874 3106 ictibus
888 3023 971 3082 heros

246 3131 354 3188 Creber
366 3132 487 3206 utrique
501 3147 588 3187 manu
608 3127 711 3206 pulsat,
732 3127 890 3203 versatque,
910 3128 1028 3186 Dareta.

245 3232 323 3292 Tum
331 3242 417 3309 pater
429 3233 539 3291 AEneas
551 3231 704 3308 procedere
716 3229 830 3307 longius
843 3230 907 3301 iras,

1173 1135 1180 1185 l
