2509 3875
190 329 218 370 v.
233 316 302 382 777.
485 309 585 369 ΜΒ.
623 304 693 370 VII.
933 317 989 382 129

189 467 336 543 Exigeret,
357 463 494 542 versoque
506 466 564 530 ubi,
572 465 689 523 nomine
702 463 819 522 Virbius
831 464 909 524 esset.

188 571 277 628 Unde
289 569 378 628 etiarn
391 569 500 646 templo
513 568 630 638 Triviae,
650 568 779 644 lucisque
791 567 916 640 sacratis,

186 672 364 748 cornipedes
375 680 507 729 arcentur
519 670 603 746 equi3
625 671 702 745 quod
714 670 798 727 litore
810 689 936 738 currum,

152 795 154 805 ¹
188 777 228 833 Et
235 775 383 852 juvenem,
404 774 534 832 monstris
546 773 644 850 pavidi
657 772 783 830 effudere
793 773 919 831 marinis.

188 879 278 936 Filius
291 879 418 936 ardentis
431 878 508 935 haud
521 877 612 934 secius
624 895 737 951 aequore
750 876 845 952 carnpi

188 981 350 1038 Exercebat
362 997 460 1055 equos,
480 996 620 1053 curruque
634 977 665 1034 in
679 978 754 1035 bella
767 981 878 1039 ruebat.

228 1082 292 1160 lpse
304 1082 381 1142 inter
392 1082 506 1159 primns,
527 1081 670 1158 praestanti
683 1099 808 1156 corpore,
824 1081 939 1138 Turnus

189 1184 330 1254 Vertitur,
347 1203 426 1242 arms
439 1193 555 1254 tenens,
576 1191 607 1240 et
619 1190 681 1239 toto
695 1182 802 1239 vertice
816 1181 898 1259 snpra
910 1183 966 1240 ests

190 1288 257 1357 Cui,
271 1287 378 1364 tripiici
391 1286 495 1345 crinita
504 1284 583 1362 jubA
597 1286 679 1361 galea
690 1285 749 1346 alta
762 1284 937 1344 Chimaeram

190 1391 324 1459 Sustinet,
344 1390 477 1447 AEtnaeos
489 1388 637 1445 efflantem
649 1387 779 1444 saucibus
791 1387 867 1464 ignis
871 1412 881 1459 5

188 1493 264 1551 Tam
273 1493 365 1570 magis
375 1492 426 1550 ilia
435 1492 568 1560 fremens,
581 1500 612 1547 et
622 1491 747 1547 tristibus
757 1489 843 1548 effera
853 1489 986 1560 flammis,

190 1599 291 1655 Quam
303 1595 396 1672 magis
408 1594 499 1654 effuso
511 1593 681 1651 crudescsmt
695 1593 834 1669 sanguine
852 1611 967 1670 pugnae.

190 1700 235 1756 At
246 1699 340 1756 levem
352 1698 478 1776 clipeum
490 1697 608 1756 sublatis
620 1696 751 1754 cornibus
765 1697 798 1753 In

190 1803 273 1860 Auro
286 1800 448 1877 insignibat,
464 1799 526 1876 jam
538 1799 612 1856 saetis
625 1799 724 1866 obfita,
740 1797 802 1874 jam
816 1800 876 1869 bos,

190 1906 406 1982 Argumentum
418 1904 529 1981 ingens,
548 1910 579 1959 et
591 1901 681 1958 custos
695 1900 813 1977 virginis
827 1901 933 1978 Argus,

189 2007 356 2084 Caelatique
368 2025 484 2065 amnem
494 2006 619 2063 fundens
633 2013 714 2079 pater
727 2002 851 2060 Inachus
864 2003 945 2060 urni.

190 2110 355 2186 Insequitur
367 2109 482 2166 nimbus
493 2108 632 2185 peditum,
651 2106 829 2183 clipeataque
842 2105 910 2163 totis

190 2214 319 2291 Agmina
330 2211 486 2269 densentur
501 2211 618 2286 campis,
637 2208 804 2285 Argivaque
816 2210 916 2285 pubes,

190 2316 392 2391 Auruncaeque
404 2332 515 2384 manus,
535 2313 647 2383 Rutuli,
666 2322 830 2387 veteresque
843 2311 947 2383 Sicani,

190 2419 230 2476 Et
242 2420 370 2477 Sacranae
382 2417 467 2486 acies,
486 2424 517 2473 et
528 2415 599 2493 pies·
611 2416 690 2473 scuta
704 2415 817 2473 Labici:

188 2521 254 2603 'Qui
266 2521 362 2590 saltus,
381 2517 528 2587 Tiberine,
548 2526 620 2588 tuos,
640 2518 807 2594 sacrumque
820 2518 943 2577 Numici

69 2672 70 2675 ,
189 2624 275 2681 Litus
285 2632 377 2692 arant,
397 2622 575 2696 Rutulosque
587 2631 722 2679 exercent
734 2638 848 2679 vomere
860 2621 948 2691 collis,

191 2725 391 2800 Circaeumque
399 2723 504 2801 jugum
511 2748 520 2794 3
541 2723 604 2799 quis
616 2724 731 2801 Jupiter
743 2724 880 2781 Anxurus
893 2722 968 2781 srvis

190 2828 331 2897 mandet,
350 2836 380 2885 et
392 2826 478 2885 viridi
491 2827 616 2904 gaudens
628 2826 746 2883 Feronia
759 2826 838 2897 luco;

192 2930 262 2987 oua
274 2931 382 2988 Saturae
390 2929 467 3006 jacet
478 2938 539 2987 atra
551 2928 641 3005 palus,
661 2928 828 3005 gelidusque
840 2926 974 3003 perimas

191 3030 306 3089 Quaerit
317 3031 373 3089 iter
384 3032 474 3100 vallis,
493 3031 623 3107 atquem
636 3049 715 3089 mare
728 3029 869 3097 conditur,
883 3028 985 3085 Ufens.

229 3134 292 3191 Hos
303 3133 387 3210 snper
399 3135 527 3204 advenit,
539 3133 643 3193 Volsca
656 3134 692 3191 de
705 3140 801 3208 gente,
820 3129 953 3202 Camilla,

190 3238 308 3313 Agmen
320 3254 408 3315 agens
419 3238 560 3316 equitum,
579 3246 610 3295 et
622 3234 751 3295 florentis
765 3252 820 3293 aere
833 3244 971 3305 catervan

229 3344 301 3393 ron,
316 3344 355 3387 rr.
608 3344 631 3382 x
