2509 3875
243 286 300 347 rao
500 264 778 360 iuuar'uos,
931 288 1039 349 sou.

241 442 280 500 Et
292 441 378 501 crinis
389 442 492 503 flavos:
515 446 630 505 etsaeva
642 445 790 505 sonoribus
802 452 898 515 anna3

241 545 341 619 Atque
353 544 397 603 his
410 546 557 606 ardentem
570 547 779 625 distisadfatur
790 546 900 605 Iulum:

281 645 325 703 Sit
334 646 411 717 satis,
430 648 572 717 AEneada,
593 650 658 707 telis
669 649 779 726 inpune
791 648 962 706 Numanum

241 747 400 826 oppetiisse
411 750 482 807 tuis:
504 750 625 827 primam
638 751 714 809 hauc
728 749 782 807 tibi
795 767 915 825 maguus
927 748 1038 825 Apollo

241 850 382 909 Concedit
394 852 518 921 laudern,
537 864 567 911 et
579 852 694 931 paribus
707 870 764 909 non
778 850 888 909 invidet
900 850 994 909 armis.

240 954 343 1015 Cetera
356 972 448 1029 parce,
468 973 548 1031 puer,
567 955 652 1014 bello
691 954 738 1012 Sic
750 953 837 1025 orsus,
857 952 965 1029 Apollo

239 1054 371 1113 Mortalia
384 1056 479 1114 medio
493 1056 639 1133 adspectus
651 1055 779 1115 sermone
791 1054 917 1131 reliquit,

237 1157 276 1216 Et
289 1156 388 1233 procul
400 1156 431 1214 in
445 1166 562 1215 teuuern
574 1176 610 1215 ex
622 1158 713 1215 oculis
725 1157 842 1215 evanuit
854 1176 962 1216 auram.
982 1176 988 1197 ⁸

236 1260 409 1335 Adgnovere
421 1261 509 1317 deum
520 1278 657 1337 proceres,
676 1260 831 1337 divinaque
844 1260 909 1329 tela,

236 1359 422 1432 Dardanidae;
443 1361 661 1439 pharetramque
671 1362 742 1438 fuga
754 1361 862 1419 sensere
873 1363 1037 1425 sonantem..

234 1460 321 1538 Ergo,
342 1461 457 1521 avidum
469 1481 584 1539 pugnae,
605 1463 688 1521 diuis
701 1484 734 1522 ac
747 1464 867 1522 numine
880 1464 979 1523 Phoebi

234 1560 390 1621 Ascanium
404 1564 569 1641 prohibent:
591 1565 645 1642 ipsi
656 1565 688 1622 iu
701 1564 855 1633 certamina
862 1548 962 1624 'rursm

235 1666 406 1737 Succedunt,
426 1667 591 1742 animasque
604 1668 746 1743 inaperta
758 1667 884 1743 pericula
898 1668 1030 1727 mittunt.

233 1768 263 1833 It
275 1767 382 1826 clamor
395 1768 461 1826 totis
473 1788 524 1845 per
536 1768 749 1845 propugnacula
761 1769 864 1840 muris3

232 1868 391 1928 Intendunt
405 1870 476 1929 acris
490 1890 578 1944 arcus,
599 1879 769 1947 amentaque
782 1879 929 1948 torquent,

233 1974 374 2032 Sternitur
386 1993 471 2032 omne
484 1974 576 2032 solnm
590 1973 668 2031 telis:
690 1981 754 2030 tum
766 1972 854 2042 scuta,
874 1993 1008 2050 cavaque

231 2075 312 2134 Dant
324 2076 448 2134 sonitum
462 2075 542 2134 flictu
555 2075 657 2152 galeae3
678 2093 775 2151 pugna
788 2074 884 2152 aspera
897 2075 990 2155 surgit
997 2098 1011 2134 a.

232 2178 367 2235 Quantus
380 2179 417 2235 ab
429 2177 529 2234 occasu
540 2176 667 2244 veniens,
687 2175 858 2252 pluvialibus
871 2177 980 2246 Hadia,

229 2279 369 2338 Verberat
388 2279 480 2336 imber
501 2279 641 2337 humum:
670 2297 758 2354 quam
775 2279 867 2337 multa
887 2280 1029 2356 grandine

308 2380 400 2438 nimbi

230 2481 265 2537 In
290 2482 362 2540 vada
388 2480 577 2557 praecipitant,
609 2501 701 2558 quum
722 2483 862 2560 Juppiter‚
892 2484 1023 2544 horridus

307 2582 415 2651 austris,

228 2687 359 2764 Torquet
378 2685 512 2762 aquosam
534 2687 671 2757 hiemem,
701 2696 732 2745 et
753 2687 812 2746 telo
833 2708 902 2747 cava
924 2690 1025 2751 nubila

271 2818 275 2826 x
305 2787 422 2864 rumpit.
846 2850 847 2856 χ

267 2893 409 2949 Pandarus
422 2899 451 2948 et
464 2889 560 2959 Bitias,
580 2891 658 2948 ldaeo
671 2891 813 2949 Alcanore
825 2892 906 2962 creti,

229 2995 310 3050 Quos
323 2993 401 3070 Jovis
414 2992 513 3050 eduxit
527 2992 592 3050 luco
606 2993 732 3051 silvestris
743 2995 822 3063 Iaera,
837 3050 839 3053 ,

227 3095 381 3152 Abietibus
390 3093 508 3170 juvenes
520 3093 619 3170 patriis
632 3104 661 3152 et
675 3095 821 3154 montibus
833 3116 938 3172 requos,

225 3197 347 3266 Portam,
368 3215 431 3271 quae
444 3195 662 3274 ducisimperio
674 3197 818 3267 conmissa,
838 3199 1000 3269 recludunt,
