2509 3875
89 3395 93 3440 l

176 370 211 409 v.
226 358 306 411 304.
514 348 611 405 LIB.
650 347 689 404 V.
972 351 1010 403 41

226 505 375 583 Adcipite
387 505 450 563 haec
459 504 572 573 animis,
584 505 720 578 laetasque
731 500 872 560 advertite
881 500 1001 559 mentis:

89 616 96 635 ‘
183 612 297 670 Nemo
310 628 349 667 ex
362 608 418 667 hoc
431 627 550 667 numero
562 608 636 666 milri
649 626 708 665 non
720 608 843 665 donatus
855 606 957 665 abibit.

183 713 317 772 Gnoffia
329 711 398 769 bina
412 712 495 781 dabo,
516 713 610 771 levato
625 710 723 769 lucida
735 710 822 782 serto,

186 818 325 894 Spicula,
345 816 532 892 caelatamque
545 826 665 891 argento
677 815 752 871 ferre
766 814 921 891 bipennem
925 838 934 883 ς

188 920 348 979 Omnibus
360 919 433 976 hicc'
447 918 501 976 erit
512 938 588 977 unus
599 920 705 977 honos:
721 928 778 976 tres
788 915 906 995 praemia
915 916 1002 993 primi

188 1023 367 1099 Adcipient,
387 1022 518 1099 flavique
530 1034 618 1099 caput
629 1024 779 1081 nesientur
789 1022 875 1079 olivi.

89 1184 90 1187 ,
191 1128 314 1185 Primus
326 1144 444 1201 equum,
464 1126 588 1203 phaleris
600 1128 753 1204 infignem,
765 1125 857 1184 visior
868 1124 987 1183 habeto:

191 1231 286 1289 Alter
298 1230 490 1288 Amamniam
503 1231 675 1307 pharetram,
693 1230 866 1307 plenamque
879 1228 989 1305 sagittis

193 1333 342 1391 Threiciis
349 1358 359 1404 ς
380 1334 440 1391 lato
452 1354 539 1409 quam
552 1333 796 1409 circumpleffitur
808 1352 877 1391 auro

194 1439 326 1506 Balteus,
344 1446 375 1495 et
390 1438 474 1495 tereti
487 1437 628 1497 subneitit
641 1437 730 1495 fibula
742 1437 872 1513 gemmi:

195 1543 316 1599 Tertius
328 1541 464 1617 Argolici
477 1542 532 1599 hac
545 1542 627 1619 galei
640 1550 792 1599 contentus
804 1540 893 1599 abito.

239 1646 315 1703 Haec
328 1645 475 1712 abierim,
487 1645 584 1703 locum
594 1644 723 1721 capiunt,
736 1645 873 1721 signoque
884 1650 1001 1721 repente

199 1748 377 1824 Conripiunt
389 1748 478 1825 spatia
492 1748 600 1816 audito,
619 1748 766 1823 limenque
779 1748 955 1824 relinquunt,

199 1851 291 1910 Effufi
307 1852 406 1909 nimbo
425 1851 541 1922 srmiles;
562 1850 644 1907 fimul
658 1850 762 1907 ultima
775 1851 897 1926 fignant.

198 1957 312 2014 Primus
325 1955 394 2024 abit,
415 1955 558 2032 longeque
571 1965 639 2012 ante
650 1953 749 2010 omnia
763 1973 880 2030 corpora
893 1954 981 2012 Nisus

200 2059 316 2118 Emicat
320 2084 329 2132 3
351 2069 381 2116 et
393 2058 496 2128 ventis,
516 2068 545 2116 et
558 2057 689 2116 fulminis
701 2057 780 2114 ocior
792 2058 853 2115 alis.

200 2166 359 2223 Proxumus
372 2163 451 2232 huic,
471 2163 559 2239 longo
572 2162 619 2220 sed
632 2181 788 2238 proxumus
802 2161 962 2231 intervallo,

201 2266 367 2344 Insequitur
381 2267 486 2324 Salius:
509 2266 598 2343 spatio
610 2266 672 2343 post
684 2266 787 2324 deinde
800 2266 898 2324 relisio

201 2370 318 2430 Tertius
330 2369 484 2446 Euryalus:

203 2473 416 2551 Euryalumque
429 2473 572 2550 Helymus
590 2473 730 2550 sequitur:
753 2495 811 2552 quo
829 2476 932 2535 deinde
949 2475 1001 2534 sub

280 2577 342 2654 ipso

204 2681 289 2740 Ecce!
310 2682 397 2750 volat,
417 2680 581 2758 calcemque
594 2683 661 2740 terit
669 2682 732 2760 jam
744 2686 830 2755 calce,
851 2685 962 2753 Diores,

205 2785 377 2843 Incumbens
390 2785 526 2842 humero:
548 2785 639 2864 spatia
652 2796 683 2844 et
695 2788 716 2845 fi
728 2789 810 2864 plura
823 2788 970 2864 supersint,

205 2887 341 2944 Transeat
354 2887 464 2946 elabsus
477 2889 563 2966 prior,
584 2891 788 2967 ambiguumve
801 2884 954 2964 relinquat.

244 2991 365 3067 Jamque
379 2991 439 3048 fere
452 2992 543 3070 spatio
555 3003 694 3062 extremo,
706 2993 834 3068 seffique,
848 2990 901 3048 sub
912 2992 1003 3068 ipsam

207 3093 306 3160 Finem
319 3095 526 3168 adventabant;
547 3097 605 3155 levi
618 3117 686 3154 cum
698 3094 837 3171 sanguine
850 3094 939 3154 Nisus

210 3195 326 3264 Labitur
338 3198 450 3266 infelix,
471 3200 547 3257 caefis
560 3210 593 3256 ut
606 3199 680 3256 sorte
689 3197 819 3273 juvencis

211 3292 293 3356 Fusus
301 3300 432 3371 humum,
440 3301 594 3376 viridisque
603 3300 686 3376 super
693 3300 884 3360 madefecerat
893 3302 1001 3368 herbas.
