2509 3875
299 682 592 743 P.V1RG1L11
632 685 865 747 MAR0N1's

369 844 427 933 AE'
453 854 495 932 N
522 854 557 933 E
586 856 606 935 I
634 856 675 935 D
704 857 795 937 OS

408 1118 533 1174 LIBER
562 1127 757 1178 cccmus,
840 1095 842 1098 ¹

439 1394 722 1435 w*—

179 1660 355 1740 Pmmcun
369 1682 478 1741 interea
492 1684 593 1741 domus
611 1683 817 1761 omnipotentis
828 1684 959 1761 Olympi,

177 1784 400 1862 Conciliumque
412 1788 604 1851 vocatdivoin
615 1796 707 1863 pater,
728 1796 815 1863 atque
827 1787 979 1845 bominum

256 1910 316 1960 rex,

175 1995 322 2053 sideream
335 1995 366 2052 in
380 1995 490 2054 sedem:
512 2005 598 2053 terras
611 1995 689 2053 unde
703 1996 807 2052 arduus
814 2013 928 2063 omnes,

175 2091 332 2174 Castraque}
346 2100 545 2158 Dardanidum
560 2098 712 2176 adspcfflt,
732 2098 909 2175 populosque
923 2100 978 2156 La-

256 2203 340 2260 tinos.
375 2237 378 2242 ,

175 2307 338 2366 Confidunt
351 2307 432 2365 testis
445 2307 640 2384 bipatentibus
645 2332 655 2379 3
677 2306 781 2383 incipit
794 2307 870 2383 ipse:

217 2388 364 2498 Coclicplae
378 2412 486 2488 magni,
506 2412 572 2488 quia
586 2431 654 2468 nam
668 2411 810 2469 sententia
822 2411 903 2470 vobis

175 2514 266 2571 Versa
279 2526 362 2584 retr0‚
383 2527 553 2592 tantumque
566 2517 670 2573 animis
685 2516 799 2573 certatis
812 2515 936 2591 iniquis?

175 2618 347 2675 Abnueram
360 2620 436 2678 bello
449 2621 564 2678 Italiam
577 2612 746 2678 concurrere
757 2619 892 2678 Teucris:

178 2721 255 2780 Quae
272 2731 370 2779 contra
380 2725 502 2782 vetitum
515 2725 671 2781 discordia?
688 2723 752 2799 quis
763 2723 831 2779 deus
844 2730 896 2778 aut
905 2721 966 2788 hos,

127 2845 130 2852 ’
172 2828 239 2886 Aut
251 2826 311 2894 hos,
332 2845 409 2884 arma
423 2829 512 2903 sequi,
533 2829 699 2903 ferrumque
712 2827 852 2892 lacessere,
871 2823 974 2880 suafit?

172 2931 321 2988 Adveniet
330 2930 438 3007 justum
452 2950 567 3008 pugnae,
587 2949 624 2988 ne
638 2931 774 2996 arcessite,
794 2939 916 3002 tempus,

172 3036 251 3092 Cum
263 3035 326 3092 'fera
340 3036 487 3110 Carthago
501 3035 637 3093 Romanis
649 3035 761 3092 arcibus
773 3031 843 3088 olim

73 3139 76 3150 ’
170 3138 306 3198 Exitium
318 3157 470 3214 magnum,
492 3141 578 3215 'atque
592 3140 682 3215 Alpes
694 3137 825 3194 inmittet
838 3143 962 3209 apertas:

167 3244 251 3304 Tum
264 3251 373 3300 certare
386 3241 468 3312 odiis,
489 3253 553 3300 tum
567 3262 611 3300 res
623 3241 754 3318 rapuisse,
768 3238 880 3296 licebit:

212 3350 285 3392 voi..
303 3350 340 3388 11.
600 3350 619 3386 ο
