2509 3875
198 337 228 378 ι’.
239 327 309 390 459.
494 323 594 381 LIB.
633 321 731 381 Vlll.'
948 325 1005 391 149

197 477 278 534 Turn
292 475 385 547 lateri,
398 485 485 555 atque
497 479 633 550 humeris,
643 479 801 554 Tegeaeum
813 474 938 554 subligat
950 495 1001 534 en·

280 578 339 636 sem
346 605 355 651 3

198 678 328 751 Demiffa
341 684 378 740 ab
391 682 462 740 laeva
475 683 622 760 pantherae
635 693 716 760 terga
729 693 905 759 retorquens.

198 785 266 842 Nec
278 804 337 842 non
350 794 389 854 et,
411 786 520 862 gemini
533 787 671 856 custodes,
687 785 789 842 limine
802 787 838 842 ab
851 794 914 842 arto

198 888 367 945 Praecedunt
380 887 561 964 gretl‘umque
573 907 656 946 canes
670 888 845 946 comitantur
858 885 988 946 herilem.

198 987 331 1064 Hospitis
344 990 449 1047 AEneae
462 989 558 1048 sedem
571 999 601 1047 et
613 990 720 1047 secreta
733 991 858 1066 petebat,

199 1092 371 1149 Sernmnum
383 1111 504 1159 memor,
524 1104 552 1151 et
565 1091 691 1169 promilli
705 1092 840 1160 muneris,
861 1091 953 1150 heros.

142 1209 147 1213 ·
198 1195 266 1252 Nec
278 1194 374 1252 minus
387 1197 496 1254 AEneas
509 1196 538 1253 se
550 1198 709 1254 matutinus
723 1199 835 1273 agebat.

197 1296 288 1354 Filius
301 1297 369 1355 huic
383 1298 482 1368 Pallas,
501 1299 547 1357 illi
559 1319 656 1357 comes
668 1299 729 1357 ibat
743 1299 878 1357 Achates.

198 1399 346 1476 Congreffi
356 1398 486 1476 jungunt
498 1402 620 1474 dextras,
641 1402 801 1477 mediisque
816 1401 942 1460 relidunt

196 1502 334 1570 AEdibus,
353 1512 383 1559 et
395 1502 476 1560 licito
490 1505 606 1561 tandem
622 1503 751 1562 sermone
764 1505 909 1562 fruuntur.

193 1606 262 1675 ,Rex
276 1604 353 1681 prior
365 1605 443 1662 haec:

236 1708 378 1764 Maxume
389 1709 568 1765 Teucrorum
582 1707 691 1776 ductor,
715 1727 773 1784 quo
792 1707 895 1786 sospite
914 1727 999 1767 num·

250 1840 253 1844 ·
318 1829 406 1886 quam

197 1915 254 1974 Res
266 1912 402 1989 equidem
414 1909 508 1989 Trojae
521 1911 617 1982 vittas,
639 1920 689 1969 aut
703 1930 800 1988 regna,
820 1911 949 1984 fatebor5

197 2016 293 2074 Nobis
305 2016 342 2073 ad
356 2015 426 2073 belli
439 2014 581 2075 auxilium
594 2033 647 2091 pro
661 2014 779 2096 nornine
794 2023 875 2079 tanto

197 2119 320 2195 Exiguae
332 2118 420 2175 vires:
443 2117 512 2175 hinc
524 2117 618 2175 Tusco
631 2116 794 2175 claudimur
807 2115 895 2186 amni,

197 2221 278 2280 Hinc
290 2220 415 2277 Rutulus
433 2220 547 2295 premit,
567 2228 597 2278 et
610 2237 726 2277 murum
746 2218 938 2277 circumtonat
955 2236 1000 2277 ar·

277 2322 348 2379 mis:

198 2426 253 2483 Sed
267 2424 321 2483 tibi
333 2443 388 2501 ego
401 2424 528 2500 ingentis
541 2424 671 2502 populos.
685 2426 878 2501 opulentaque
891 2424 989 2502 reguis

199 2530 327 2606 Jungere
340 2527 427 2585 castra
440 2546 523 2603 paro;
545 2546 633 2603 quam
646 2528 704 2585 fors
716 2528 834 2605 inopina
850 2526 971 2585 salutem

199 2631 350 2688 Ostentat:
373 2629 450 2687 Fatis
462 2629 519 2687 huc
533 2636 562 2685 te
575 2628 756 2705 poscentibus
770 2631 873 2689 adfers.

198 2734 286 2793 Haud
299 2733 399 2809 procul
412 2731 481 2788 hinc
494 2731 561 2790 saxo
574 2731 711 2789 incolitur
723 2733 844 2790 fundata
857 2731 970 2789 vetusto

199 2836 288 2893 Urbis
302 2834 450 2911 Agyllinae
463 2833 540 2892 sedes
545 2858 554 2904 3
577 2832 627 2890 ubi
642 2835 732 2919 Lydia
746 2834 893 2909 quondam

200 3042 296 3107 Hanc,
309 3040 416 3097 multos
428 3039 581 3097 florentem
593 3057 692 3107 annos,
704 3057 754 3095 rex
766 3038 869 3095 deinde
882 3036 1003 3113 superbo

199 3141 326 3218 Imperio
339 3134 369 3199 et
382 3140 461 3199 saevis
475 3142 570 3199 tenuit
582 3141 745 3199 Mezentius
758 3139 855 3198 armis.

200 3246 283 3306 Quid
298 3262 457 3305 memorem
466 3244 600 3305 infandas
610 3244 711 3313 caedes,
725 3242 795 3319 quid
805 3242 880 3303 faeta
888 3244 1004 3323 tyranni
