2509 3875
271 240 332 305 226
525 244 802 315 AENEIDOS,
963 240 1075 304 ustio.

273 396 428 461 Omnibus.
456 398 634 479 Adloquitur
643 411 819 473 mareotem,
831 408 863 461 et
872 399 978 460 talibus
990 398 1076 459 infit:

312 500 431 573 Riobe,
451 502 512 575 diu,
532 523 576 563 rea
589 504 610 563 fi
623 525 681 582 qua
698 505 750 563 diu
761 503 931 563 mortalibus
942 502 1070 575 ulla-est,

272 602 417 663 Viximus.
458 606 522 665 Aut
538 607 625 666 hodie
638 606 729 667 ridor
743 606 832 685 spolia
844 605 893 664 illa
906 613 1038 677 cruenta,

272 706 312 767 Et
323 716 411 785 caput
425 708 538 781 AEneae,
559 710 678 781 referem
699 708 840 785 lautique
852 708 984 766 dolorum

274 809 363 869 Ultor
375 810 431 873 eris
443 830 575 871 mecum:
596 828 656 883 aut,
675 810 767 889 aperit
779 811 801 869 fi
813 810 894 869 nulla
904 808 983 867 viam
995 807 1051 878 vis,
1157 869 1162 890 Ι

273 910 437 973 Oocumbeo
446 914 562 991 pariter.
586 914 693 991 Neque
705 913 794 982 enim,
808 911 966 981 sortiffime,
979 911 1082 984 credo,

276 1015 356 1094 Juss'a
370 1016 462 1079 aliena
475 1016 545 1093 pati,
565 1026 597 1074 et
607 1016 739 1075 dominos
752 1015 908 1091 dignabere
919 1014 1060 1073 Teucroa.

275 1116 362 1175 Dixit
367 1142 376 1188 3
398 1126 428 1175 et
441 1127 577 1195 exceptus
590 1128 672 1195 tergo
684 1116 819 1177 consueta
830 1116 937 1175 locavit

275 1218 420 1289 Membra,
434 1238 591 1297 manusque
605 1222 703 1279 ambae
710 1218 815 1298 jaculis
826 1218 955 1277 oneravit
968 1217 1080 1292 acutia3

274 1322 349 1381 AEre
362 1331 449 1399 caput
461 1323 586 1400 fulgens,
605 1324 744 1400 criiidque
756 1322 882 1381 hirsutus
894 1321 1010 1397 equina.

276 1423 323 1483 Sic
335 1424 451 1484 cursum
463 1426 494 1483 in
508 1426 617 1485 medios
637 1426 754 1503 rapidus
770 1424 860 1485 dedit.
899 1424 1016 1483 AEstuat
1030 1424 1080 1485 in·

354 1546 425 1605 gens
559 1600 563 1608 Ι

275 1630 481 1691 Imoincorde
494 1632 594 1709 pudor,
614 1630 766 1706 mixtoque
778 1629 889 1689 insania
900 1628 992 1690 ludio.
1177 1551 1186 1710 Ι

314 1734 415 1810 Atque
427 1734 476 1793 hic
489 1734 605 1793 AEnean
617 1733 725 1810 magni
738 1742 782 1791 ter
793 1752 864 1792 voce
876 1732 1003 1791 vocavit:

276 1834 386 1895 AEneaa
399 1834 536 1913 adgnovit
549 1835 637 1907 enim,
657 1823 796 1911 laetuaque
812 1843 956 1912 precatur:

276 1939 323 1998 Sic
335 1949 416 2016 pater
428 1939 478 1998 ille
491 1939 577 1997 deum
591 1938 692 1996 faciat!
715 1938 753 1996 fic
766 1938 841 1996 altua
854 1937 975 2015 Apollo!

276 2041 402 2119 Incipias
414 2041 543 2100 conferre
556 2060 684 2100 manum.
1172 1976 1183 2212 1

275 2145 406 2204 Tantum
420 2142 532 2213 effatus,
552 2151 582 2202 et
594 2141 696 2201 infesti
709 2142 787 2202 subit
799 2142 900 2202 obviua
912 2142 1000 2200 hasta.

273 2225 330 2304 ¹Ille
344 2255 455 2304 autem:
479 2244 561 2302 Quid
578 2264 635 2316 me,
656 2255 762 2322 erepto,
780 2243 938 2312 saeviffime,
958 2253 1037 2316 nato,

276 2346 394 2403 Terres?
416 2345 478 2403 haee
490 2346 536 2405 via
551 2346 608 2404 sola
621 2346 689 2416 fuit,
707 2346 764 2421 qud
777 2347 895 2422 perdere
907 2344 1007 2422 poiseo.

277 2446 343 2504 Nec
356 2455 480 2505 mortem
492 2447 649 2519 horremus,
669 2466 723 2506 nec
735 2448 832 2506 divom
846 2447 988 2524 parcimus
999 2449 1067 2509 ulli.

277 2547 392 2613 Desme.
424 2549 491 2626 Jam
503 2550 587 2608 venio
599 2549 763 2620 moriturus,
783 2560 813 2608 et
825 2551 887 2609 haee
901 2550 954 2609 tibi
966 2562 1070 2627 portu„

276 2651 362 2710 Dona
375 2650 461 2728 prius.
502 2650 595 2721 Dixit,
616 2652 764 2728 telumque
777 2653 889 2712 intorfit
900 2653 933 2712 in
946 2654 1076 2727 hostem

198 2828 202 2836 ·
276 2754 349 2813 Inde
362 2755 441 2812 aliud
453 2754 545 2830 super,
564 2763 651 2830 atque
665 2755 753 2826 aliud,
774 2755 906 2832 figitque,
919 2757 1055 2833 volatque

276 2857 394 2934 Ingenti
407 2876 478 2934 gyro
483 2881 492 2929 3
513 2856 562 2914 sod
576 2855 698 2914 sustinet
710 2875 811 2916 aureus
823 2861 921 2917 umbo.

275 2960 335 3022 Ter
346 2959 455 3018 circum
467 2959 623 3018 adstantem
635 2958 720 3016 laevos
733 2959 873 3035 equitavit
884 2959 915 3018 iu
929 2959 1014 3031 orbis,

275 3061 348 3122 Tela
361 3081 450 3122 mauu
457 3060 580 3138 jaciens;
602 3070 646 3119 ter
659 3061 756 3120 secum
767 3062 872 3120 Troius
884 3063 966 3121 heroa

276 3163 427 3226 inmanem
440 3173 527 3229 aerato
539 3164 706 3225 circumfert
718 3164 846 3242 tegmine
857 3164 980 3224 silvam...
