2509 3875
183 406 209 448 7.
221 397 274 448 43.
479 391 579 448 LIB.
618 391 687 450 Vll.
926 397 977 448 101

182 543 423 622 Tyrrhenamque
442 565 571 618 manum,
592 555 740 622 totamque
761 543 813 602 sub
833 563 911 604 arma
931 563 980 603 co·

260 648 356 706 amam

182 749 362 825 Hesperiam.
402 750 499 827 Major
510 769 606 808 rerum
618 749 691 807 mihi
705 747 829 806 nascitur
841 749 910 806 ordo
914 772 923 818 3

181 849 279 927 Majus
291 870 364 927 opus
375 871 490 912 moveo.
529 854 592 910 Rex
606 871 671 910 arva
685 851 813 919 Latinus,
831 859 861 906 et
873 851 958 920 urbis,

181 953 249 1028 Jam
261 953 364 1023 senior,
384 955 472 1031 longi
484 955 609 1031 placidas
621 954 651 1011 in
665 972 735 1030 pace
748 954 874 1028 regebat.

182 1054 271 1112 Hunc
287 1056 395 1125 Fauno,
412 1067 443 1113 et
459 1056 587 1133 nympha
602 1055 734 1132 genitum
753 1056 895 1112 Laurente
910 1054 978 1112 Ma·

259 1155 330 1226 rica,

182 1256 369 1333 Adcipimuaa
391 1259 489 1316 Fauno
502 1258 584 1316 Picus
595 1269 688 1336 pater:
711 1258 792 1335 isque
803 1267 952 1336 parentem

181 1359 234 1431 Te,
248 1361 379 1430 Saturne,
393 1362 494 1431 resert3
516 1371 549 1417 tu
562 1359 707 1436 sanguinis
720 1359 837 1417 ultimus
849 1360 956 1420 aufior.

181 1462 270 1520 Filius
282 1462 361 1531 huic,
380 1463 442 1520 fato
454 1463 561 1530 divom,
580 1463 730 1538 prolesque
741 1461 831 1520 virilis

181 1564 271 1621 Nulla
283 1564 352 1631 fuit,
371 1563 521 1640 primaque
533 1563 627 1621 oriens
645 1571 740 1639 erepta
750 1561 869 1639 juventi
882 1563 935 1620 est:

181 1667 245 1724 Sola
259 1668 388 1734 domum,
406 1676 436 1724 et
448 1677 541 1726 tantas
554 1667 681 1724 servabat
694 1667 752 1724 filia
766 1667 858 1736 sedes;

180 1769 246 1845 Jam
259 1778 372 1826 matura
384 1769 454 1837 viro,
470 1767 532 1844 jam
544 1768 634 1844 plenis
649 1769 754 1826 nubilis
768 1768 860 1826 annis.

181 1870 273 1930 Multi
285 1869 367 1927 illam
379 1889 484 1947 magno
497 1890 513 1928 e
527 1869 619 1941 Latio,
640 1871 755 1946 totique
767 1871 903 1946 petebant

181 1972 324 2044 Ausonii;
344 1972 426 2048 petit,
446 1983 511 2030 ante
528 1972 598 2031 aiios
611 1972 819 2048 pulcherrimus
832 1971 934 2037 omnis,

180 2076 305 2143 Turnus,
325 2075 384 2131 avis
403 2074 549 2149 atavisque
569 2084 682 2150 potens:
705 2092 791 2148 quem
808 2072 886 2148 regia
904 2091 973 2131 con·

253 2195 330 2253 junx

179 2277 308 2355 Adiungi
322 2296 459 2353 generum
473 2278 545 2335 miro
558 2279 726 2354 properabat
738 2296 848 2346 amore;

179 2381 233 2438 Sed
245 2379 331 2448 variis
344 2390 474 2455 portenta
489 2380 576 2437 deum
588 2379 740 2437 terroribus
754 2380 872 2439 obstant.

217 2484 328 2540 Laurus
339 2491 400 2538 erat
413 2480 480 2539 seui
494 2479 597 2549 medio,
616 2480 648 2537 in
661 2482 851 2557 penetralibus
865 2483 939 2552 altis,

179 2586 261 2649 Sacra
274 2602 397 2652 comam,
417 2583 578 2657 multosque
591 2592 670 2639 metu
684 2582 790 2641 servata
804 2604 854 2660 per
867 2603 968 2643 annos:

180 2688 279 2745 Quam
303 2695 392 2762 pater,
422 2685 569 2743 inventam
594 2683 698 2763 primas
721 2704 810 2760 quum
836 2687 971 2743 conderet

255 2806 342 2856 arces,

178 2891 240 2969 Ipse
255 2891 398 2948 ferebatur
411 2888 519 2947 Phoebo
531 2887 646 2945 sacraffe
660 2888 785 2954 Latinus,

177 2991 385 3066 Laurentisque
398 2993 435 3048 ab
447 2990 480 3047 ea
493 3008 598 3047 nomen
610 2988 729 3065 posuiffe
742 2988 858 3045 colonis.

177 3093 271 3171 Hujus
283 3112 348 3169 apes
362 3092 506 3150 summum
518 3090 619 3159 densae,
641 3088 771 3146 mirabile
784 3087 876 3145 araur

178 3196 301 3253 Stridore
313 3193 434 3270 ingenti,
454 3192 595 3268 liquidum
609 3200 685 3247 trans
698 3189 801 3247 aethera
815 3192 910 3261 veetae,

178 3296 320 3363 Obsedere
332 3295 442 3372 apicem
449 3319 459 3366 3
480 3305 518 3363 et,
538 3292 658 3371 pedibus
670 3310 720 3367 per
733 3300 833 3350 mutua
846 3295 935 3363 neria.
