2509 3875
226 289 230 297 '
281 312 301 365 a
540 304 815 376 AEann'os,
982 302 1090 377 nass,

281 461 383 519 Uritur
395 460 498 519 infelix
509 456 597 531 Dido,
618 465 734 539 totique
746 455 873 539 vagatur
922 457 926 460 ’

280 563 360 619 Urbe
374 563 482 619 furens:
505 564 596 639 qualis
610 564 736 641 conjesii
748 582 830 621 cerva
842 560 955 639 sagittd,
1071 553 1073 556 ’

246 731 247 735 ¹
282 664 378 720 Quam
392 664 490 739 procul
504 664 649 723 incautam
662 684 777 722 nemora
790 664 866 721 inter
878 663 972 721 erefia
985 661 1053 720 fixit

280 764 373 821 Pastor
386 782 471 840 agens
485 765 556 835 telis,
576 766 718 842 liquitque
731 766 843 824 volatile
855 766 962 823 sermm

279 864 413 923 Nescius:
426 864 485 923 'illa
499 867 569 943 fugi
583 868 671 937 silvas,
692 867 834 943 saltusque
846 874 978 943 peragrat
1062 936 1067 940 ,

279 966 401 1025 Distreos
407 992 415 1038 3
438 968 525 1026 haeret
538 969 620 1027 lateri
633 968 725 1026 letalis
738 969 856 1026 mundo.

280 1068 369 1125 Nune
382 1069 475 1127 media
488 1070 603 1127 AEnean
617 1072 714 1128 secum
726 1089 777 1145 per
788 1068 894 1127 moenia
906 1068 995 1139 ducit,

280 1168 463 1245 Sidoniasque
478 1170 598 1228 ostentat
610 1190 685 1248 opes,
708 1173 865 1246 urbemque
876 1180 1017 1246 paratam:

279 1270 386 1347 Incipit
398 1270 489 1339 effari,
509 1272 661 1348 mediaque
673 1272 704 1329 in
716 1290 787 1329 voce
800 1270 906 1329 refistit.

280 1372 367 1428 Nunc
381 1373 490 1441 eadem,
509 1374 624 1431 labente
636 1373 693 1443 die,
712 1372 842 1430 convivia
855 1371 967 1448 quaerit,

279 1473 437 1549 Iliacosque
449 1474 553 1533 iterum
565 1475 681 1532 demens
693 1474 790 1532 audire
802 1475 910 1531 labores

279 1564 422 1651 Esposcit,
442 1577 604 1651 pendetque
616 1576 721 1633 iterum
733 1574 872 1633 narrantis
882 1578 918 1650 ab
931 1594 989 1634 ore.
1051 1594 1058 1609 ·

278 1676 349 1745 Post,
369 1676 421 1733 ubi
434 1677 556 1752 digreffi,
576 1677 731 1753 lumenque
743 1676 859 1735 obscura
870 1676 993 1735 viciffim

280 1779 363 1835 Luna
389 1779 503 1854 premit,
533 1777 707 1855 suadentque
730 1778 860 1837 cadentia
886 1778 974 1836 fidem
996 1763 1074 1837 som·

358 1898 422 1952 n0s3

280 1982 343 2040 Sola
355 1985 440 2040 domo
453 1991 552 2040 maeret
563 1983 661 2049 vacui,
682 1982 828 2058 stratisque
840 1981 944 2040 reliffis

280 2085 418 2142 Incubatr
439 2085 523 2142 illum
535 2083 634 2141 absens
652 2082 800 2140 absentem
814 2083 959 2160 auditque,
979 2083 1074 2143 videt·

357 2205 427 2261 que:

281 2287 343 2344 Aut
356 2286 465 2362 gremio
479 2285 644 2356 Ascanium,
665 2286 801 2362 genitoris
813 2285 939 2363 imagine
950 2234 1044 2365 sabia,
1086 2293 1091 2296 ’

280 2388 408 2457 Detinet,
428 2388 579 2445 infandum
591 2387 612 2444 fi
625 2388 724 2446 fallere
733 2389 817 2469 possit
827 2407 962 2446 amorem.
1028 2421 1031 2428 ·

279 2490 348 2548 Non
362 2487 463 2566 coeptae
474 2490 630 2567 adsurgunt
641 2499 744 2561 turres,
766 2509 824 2547 non
838 2509 915 2547 arma
925 2488 1069 2566 juventus.

278 2593 408 2660 Exercet,
428 2599 561 2666 portusve
572 2601 623 2649 aut
637 2593 848 2667 propugnacula
861 2591 937 2648 bello

278 2695 355 2752 Tuta
367 2703 481 2770 parant:
499 2694 629 2769 pendent
645 2711 731 2769 opera
741 2692 911 2769 interrupta,
930 2694 1076 2771 minaeque
1171 2746 1172 2749 ,

279 2795 434 2852 Muromm
444 2793 586 2870 ingentes,
606 2803 772 2870 aequataque
782 2794 915 2852 machina
927 2796 1010 2854 coelo.

320 2897 418 2954 Quam
431 2897 514 2954 fimnl
525 2915 560 2952 ac
573 2895 624 2952 tali
636 2895 769 2973 persensrt
781 2896 856 2972 peste
869 2897 963 2955 teneri

281 2997 365 3055 Clara
373 2998 454 3074 Jovis
467 2995 601 3074 conjunx,
622 3015 675 3054 nec
687 2997 795 3054 famam
807 2998 915 3056 obstare
926 2999 1035 3072 surori3
1088 3004 1095 3012 ‘

279 3099 574 3175 'Iblibusadgreditur
588 3099 729 3155 Venerem
741 3099 872 3156 Saturnia
885 3100 981 3158 distis:
1036 3105 1039 3110 '

279 3199 434 3276 Egregiam
445 3219 512 3260 vero
530 3199 654 3270 laudem,
673 3208 705 3257 et
716 3199 806 3277 spolia
817 3201 922 3278 ampla,
942 3203 1054 3262 refertis
