2509 3875
218 292 288 346 tas·
474 290 756 365 AENEIDOS,
905 290 1024 367 utimr

214 442 376 521 Spargitur,
398 464 464 506 arva
478 449 553 509 novi
565 450 716 527 Neptunia
729 450 808 509 caede
819 426 984 509 rubescunt.
1072 437 1075 446 ¹

254 546 364 623 Regina
378 548 409 605 in
422 550 526 609 mediis
538 552 632 629 patrio
645 564 728 610 vocat
740 550 855 630 agmina
869 552 946 613 fistro
951 577 961 623 3

214 646 361 707 Necdum
374 652 462 709 etiam
476 654 606 730 geminos
619 674 637 712 a
648 664 730 731 tergo
741 654 858 733 respicit
875 654 993 731 anguis:

214 750 471 831 omnigenumque
482 756 572 813 deum
581 757 713 826 monstra,
724 766 755 814 et
763 758 881 815 latrator
890 756 1015 827 Anubis,

214 853 322 913 Contra
345 856 528 934 Neptunum,
554 866 584 916 et
600 860 755 929 Venerem,
774 870 931 936 contraque
952 860 1024 917 Mi·-

290 978 418 1028 nervam,

212 1058 285 1121 Tela
298 1070 406 1120 tenent.
447 1064 533 1123 Saevit
544 1064 641 1123 medio
653 1063 685 1121 in
697 1063 854 1124 certamine
866 1065 993 1135 Mavors,

213 1162 340 1221 Caelatus
352 1164 428 1222 ferro
435 1188 445 1237 ;
467 1164 613 1242 tristesque
628 1186 665 1224 ex
677 1167 784 1225 aethere
797 1168 876 1225 Dirae
882 1192 893 1237 3

211 1264 251 1321 Et
263 1264 342 1323 scilla
355 1266 483 1343 gaudena
494 1268 575 1325 vadit
587 1268 736 1329 Discordia
748 1270 835 1346 palli,

85 1418 88 1425 .
212 1364 312 1425 Quam
325 1386 393 1425 cum
405 1368 563 1445 sanguineo
575 1369 704 1447 sequitur
715 1372 831 1431 Bellum
845 1372 970 1450 flagello.

212 1468 323 1538 Actius,
343 1470 405 1528 haec
417 1490 545 1543 cernens,
566 1492 664 1531 arcum
676 1473 844 1532 intendebat
856 1475 963 1551 Apollo

211 1572 354 1651 Desuper:
376 1573 469 1633 omnis
482 1592 516 1631 eo
531 1585 636 1645 tenure
648 1576 807 1654 AEgyptus,
826 1587 856 1635 et
868 1577 944 1647 Indi,

210 1672 315 1733 Omnis
328 1677 430 1748 Araba,
450 1695 548 1735 omnm
561 1681 712 1737 vertebant
724 1689 803 1756 terga
817 1679 917 1738 Sabaei.

210 1776 275 1854 Ipsa
287 1756 439 1837 vibebatur
450 1780 543 1839 ventis
555 1780 656 1859 regina
668 1781 776 1854 vocatia

209 1880 282 1942 Vela
296 1884 372 1954 dare,
392 1893 422 1943 et
433 1884 513 1943 laxos
521 1882 581 1963 jam
591 1882 711 1964 jamque
723 1885 870 1945 inmittere
880 1886 968 1946 suuis.

209 1987 295 2046 Illam
307 1989 383 2047 inter
396 1990 496 2059 caedes,
516 1989 674 2068 pallentem
685 1999 778 2048 morte
791 1991 898 2062 sutura,

208 2089 325 2150 Fecerat
336 2091 500 2168 ignipotens
513 2093 606 2162 undis,
626 2102 658 2149 et
668 2094 788 2170 Iapyge,
805 2093 889 2165 serri;

208 2193 317 2252 Contra
330 2205 427 2252 autem
445 2213 552 2270 magno
565 2205 733 2254 maerentem
746 2212 862 2273 corpore
874 2197 990 2268 Nilum,

208 2297 442 2371 Pandentemque
455 2296 538 2364 finus,
558 2305 588 2354 et
601 2299 661 2354 tota
674 2298 749 2356 veste
760 2310 911 2357 vocantem

208 2398 371 2456 Caeruleum
382 2398 413 2455 iu
427 2398 580 2474 gremium,
595 2398 792 2477 latebrosaque
804 2402 935 2473 flumina,
946 2403 1007 2463 vic·

322 2503 375 2558 toa.
408 2493 416 2502 ”

245 2607 289 2664 At
301 2605 404 2675 Caesur,
424 2604 529 2682 triplici
544 2606 673 2664 invectus
684 2608 814 2666 Romana
827 2609 975 2687 triumpho

207 2707 329 2778 Moenia,
350 2707 393 2765 dis
405 2707 484 2766 Italis
494 2717 594 2766 votum
606 2708 760 2767 inmortale
772 2708 907 2782 sacrabat,

206 2811 348 2870 Maxuma
361 2819 521 2870 tercentum
535 2820 625 2868 totam
638 2813 756 2869 delubra
768 2809 820 2889 per
832 2816 943 2874 urbem.

205 2914 329 2986 Laetitia,
349 2913 482 2990 ludisque
494 2912 558 2982 viae,
578 2912 745 2990 plausuque,
765 2914 941 2975 fremebant:

205 3015 350 3075 Omnibus
360 3016 392 3074 in
403 3014 517 3092 templis
528 3025 655 3073 matrum
663 3001 775 3089 chorus,
786 3019 920 3078 omnibus
930 3039 1015 3094 περ)

206 3120 286 3176 Ante
299 3137 359 3177 atas
373 3130 476 3177 terram
489 3118 553 3176 caesa
564 3118 685 3176 stravere
692 3117 818 3196 juvenci.
929 3149 933 3158 ·

203 3219 276 3298 Ipse,
296 3220 395 3280 sedens
408 3221 492 3280 rriveo
504 3221 653 3280 candentis
665 3221 767 3282 limine
781 3224 904 3295 Phoebi,-
