2509 3875
276 358 318 413 20
534 354 812 424 AENEIDOS,
963 356 1093 419 Μθὸ.

275 508 418 585 spargens
438 509 558 569 humida
570 512 666 581 melia,
685 511 931 589 soporiferumque
941 530 1091 589 papaver.

275 610 350 668 Haec
362 610 391 668 se
405 611 579 671 carminibus
591 613 737 689 promittit
749 614 856 672 solvere
868 616 982 683 mentis,

278 713 360 771 uuas
373 714 457 786 veut,
478 714 594 773 astans
607 696 691 774 iuras
703 716 851 775 inmittere
862 694 963 775 curan

278 814 379 874 Sistere
392 835 497 892 aquam
509 816 620 887 fluviis,
640 828 672 875 et
683 829 793 877 vertere
805 818 894 876 fidera
906 828 997 888 retro,

277 918 500 995 Nonumosque
512 918 570 977 ciet
582 918 694 978 Manis:
716 920 831 997 mugire
842 920 954 979 videbis

278 1020 338 1077 Sub
346 1020 466 1097 pedibus
477 1030 591 1093 terram,
603 1031 635 1079 et
644 1020 815 1080 descendere
827 1023 975 1081 montibus
984 1038 1089 1082 mnus.

276 1122 387 1191 Testor,
407 1124 480 1192 cara,
501 1124 577 1193 deos,
592 1132 622 1181 et
636 1133 675 1193 te,
695 1142 840 1201 germana,
860 1134 1001 1200 tuumque

278 1225 373 1283 Dulce
386 1236 481 1302 caput,
501 1224 626 1302 magicas
639 1225 762 1283 invitam
774 1226 923 1303 adcingier
931 1225 1012 1284 artie.

279 1327 327 1385 Tu
340 1326 446 1385 secreta
458 1344 560 1403 pyram
573 1327 648 1385 teiEio
660 1326 797 1385 interiore
809 1328 866 1386 sub
875 1346 957 1385 aurae

279 1428 367 1505 Erige
374 1454 383 1501 ;
405 1439 436 1487 et
448 1448 527 1487 arma
539 1428 603 1499 viri,
624 1429 752 1487 thalamo
763 1448 828 1505 quae
839 1429 897 1487 fixa
910 1428 1029 1505 reliquit

279 1532 390 1609 Inpius,
410 1531 584 1606 exuviasque
597 1531 701 1600 omnia,
720 1531 886 1608 leuiumque
893 1530 1035 1608 jugalem,

280 1635 352 1693 Quo
364 1632 446 1711 perii,
467 1632 681 1710 superinponas.
720 1634 845 1692 Abolere
857 1633 976 1691 nefandi
1029 1652 1032 1660 ·

282 1736 394 1795 Cuniia
407 1735 463 1794 viri
474 1745 662 1793 monumenta
670 1733 763 1812 jubet,
775 1736 978 1811 monstratque,
990 1734 1087 1793 sacer·

360 1842 419 1899 dos.
475 1840 478 1844 ’

281 1945 355 2004 Haee
367 1943 463 2013 effata,
484 1942 560 2015 filet,
581 1942 673 2019 pallor
685 1942 768 2002 fimul
780 1949 903 2020 occupat
915 1960 978 2000 ora:

282 2048 352 2106 Non
366 2057 463 2106 tamen
477 2048 565 2104 Anna
578 2045 659 2102 novis
670 2053 827 2120 praetexere
839 2045 942 2102 fimeta
954 2043 1041 2103 sacris

281 2150 458 2208 Germanam
469 2146 569 2214 credit,
589 2165 644 2203 nec
656 2155 751 2204 tantos
763 2155 861 2204 mente
874 2147 983 2204 sutores

283 2251 427 2327 Concipit,
444 2257 494 2307 aut
507 2248 636 2325 graviora
648 2248 742 2320 timet,
756 2268 843 2324 quam
855 2259 948 2308 morte
960 2248 1085 2326 Sychaei.

283 2353 361 2430 Ergo
369 2351 442 2429 jussa
455 2361 545 2427 parat.

322 2457 366 2513 At
378 2453 487 2532 regina,
507 2452 578 2530 pyri
590 2452 732 2529 penetrali
744 2452 776 2510 in
789 2453 855 2512 sede
866 2453 919 2511 sub
932 2471 1016 2510 aurae

283 2557 394 2626 Erana,
414 2555 530 2632 ingenti
541 2555 622 2612 taedis
634 2565 721 2630 atque
733 2555 801 2614 ilice
813 2555 897 2624 sosii,

285 2660 471 2735 Intenditque
483 2658 580 2716 locum
593 2656 684 2726 sertis,
703 2666 734 2714 et
746 2657 848 2715 fronde
860 2665 977 2715 coronat

284 2761 428 2823 Funereia
450 2759 543 2836 super,
563 2759 691 2829 exuviae,
709 2758 864 2834 ensemque
876 2759 1020 2830 telinum,

286 2866 488 2942 Effigiemque‚
507 2871 570 2920 toro
582 2861 668 2929 locat,
687 2860 764 2919 haud
776 2861 878 2938 ignara
890 2861 993 2920 futuri.

286 2971 369 3028 Stant
381 2985 438 3026 arae
450 2965 559 3022 circum
564 2987 573 3034 3
595 2972 634 3032 et,
654 2961 744 3020 crinis
760 2962 860 3031 effusa,
879 2963 1008 3022 sacerdos
1045 2977 1048 2982 ·

285 3071 351 3136 Ter.
356 3078 474 3127 centum
483 3075 564 3124 tonat
577 3083 625 3121 ore
635 3065 712 3135 deor,
720 3065 912 3142 Erebumque,
922 3065 1085 3142 Chaosque,

285 3170 547 3248 Tergeminamque
559 3166 700 3235 Hecaten,
713 3166 768 3224 tria
779 3167 899 3244 virginis
911 3154 960 3225 ora
971 3168 1084 3229 Dianae.

287 3271 429 3351 Sparserat
441 3278 472 3328 et
482 3269 582 3328 latices
594 3267 738 3328 fimuiatoe
750 3267 839 3328 fontis
851 3269 979 3342 Averni,
