2509 3875
202 351 312 423 eom.
443 355 594 438 ¹nra.
634 355 758 430 vn„
948 359 1003 410 ηε

203 507 243 564 Et
254 506 378 583 primam
390 516 458 565 ante
469 510 561 568 aciem
574 511 659 568 densa
674 510 749 567 inter
764 507 821 567 tela
834 509 980 579 feruutur,

205 610 278 678 Ceu,
298 611 357 666 duo
370 611 522 687 nubigenae
534 631 625 686 quum
639 611 744 670 vertice
756 611 862 668 montis
875 613 912 668 ab
925 612 983 668 alto

204 712 391 769 Descendunt
404 714 552 782 Centauri,
567 715 712 772 Homolen
726 713 909 790 Othrquue
922 714 1003 772 niva-

263 847 268 858 ·
281 814 341 871 lem

204 914 383 989 Linquentes
395 916 480 974 cursu
493 917 605 994 rapido:
627 919 677 976 dat
690 917 824 976 euntibus
836 917 938 994 ingens

204 1016 280 1074 Silva
294 1017 401 1086 locum,
420 1029 450 1075 et
464 1038 570 1095 magno
583 1021 689 1078 cedunt
703 1019 827 1096 virgulta
840 1021 961 1097 fragore.

243 1120 310 1176 Nec
323 1121 498 1178 Praenestinoe
510 1123 646 1179 fundator
658 1122 751 1179 defuit
763 1122 855 1196 urbis,

204 1222 334 1280 Volcano
348 1221 480 1298 genitum
493 1243 593 1298 pecora
606 1224 682 1280 inter
695 1224 812 1300 agrestia
825 1243 931 1300 regem,

203 1325 416 1400 Inventumque
429 1325 510 1393 focis,
530 1325 623 1383 omnis
638 1345 725 1402 quem
738 1326 858 1383 credidit
871 1339 947 1395 aetas,

203 1429 345 1486 Caeculur.
386 1429 474 1485 Hunc
485 1427 562 1504 legio
573 1429 631 1485 late
644 1427 797 1486 comitatur
810 1429 938 1504 agrestis':

205 1530 325 1605 Quique
338 1531 428 1587 altum
442 1530 578 1586 Praeneste
591 1529 655 1597 viri,
676 1529 783 1606 quique
801 1549 866 1586 arva
879 1531 1000 1590 Gabinae

206 1632 339 1709 Junonis,
360 1632 546 1707 gelidumque
560 1630 714 1700 Anienem,
734 1640 763 1687 et
779 1631 884 1688 roscida
901 1633 968 1690 rivis

204 1735 332 1794 Hernica
349 1734 424 1801 saxa,
444 1733 555 1803 colunt5
578 1752 649 1808 quos
661 1733 737 1790 dives
752 1733 885 1808 Anagnia
900 1735 999 1812 pascit,

205 1838 297 1905 Quos,
317 1834 461 1893 Amasene
472 1844 562 1910 pater.
601 1835 633 1890 N
634 1853 670 1891 on
684 1834 741 1890 illis
754 1835 885 1892 omnibus
899 1856 985 1907 arma,

203 1940 270 1997 Nec
279 1938 364 2015 clipei
374 1956 516 2003 currusve,
526 1934 641 1993 sonant:
664 1954 726 2013 pars
737 1956 870 1994 maxuma
881 1939 999 2014 glandes

203 2041 337 2099 Liuentis
349 2039 461 2117 plumbi
474 2039 594 2114 spargit;
614 2058 678 2113 pars
692 2038 798 2114 spicula
812 2040 900 2115 gestat

202 2144 275 2201 Bina
289 2162 390 2213 manu3
411 2141 561 2215 fulvosque
573 2140 636 2216 lupi
649 2142 684 2198 de
697 2140 770 2216 pelle
784 2141 893 2217 galeros

203 2247 336 2323 Tegmen
348 2244 455 2301 habent
467 2243 567 2319 capiti:
588 2242 705 2318 vestigia
719 2244 795 2300 nuda
808 2244 908 2301 sinistri

203 2348 354 2407 Instituere
369 2346 461 2422 pedis3
483 2346 586 2402 crudus
600 2344 674 2421 tegit
687 2345 774 2403 altera
787 2365 864 2422 pero.

241 2452 286 2509 At
299 2447 449 2524 Mellapus,
469 2448 576 2523 equum
588 2447 720 2518 domitor,
737 2448 884 2524 Neptunia
897 2451 998 2526 proles,

204 2554 304 2611 Quem
317 2568 410 2625 neque
422 2550 464 2607 fas
477 2550 540 2625 igni
553 2549 696 2624 cuiquam,
706 2568 765 2607 ‘nec
779 2550 899 2609 sternere
913 2554 997 2623 ferre,

199 2657 269 2733 ·Jam
281 2654 393 2729 pridem
404 2652 505 2709 refides
518 2651 644 2727 populos,
665 2651 835 2729 desuetaque
848 2654 923 2711 bello

203 2755 341 2833 Agmina,
351 2755 381 2811 in
392 2772 469 2811 arma
477 2766 559 2811 vocat
569 2752 672 2821 subito,
681 2753 844 2829 ferrumque
855 2754 996 2815 tetradiat.
1014 2732 1015 2739 ἵ

203 2860 247 2918 Ηὶ
261 2856 446 2916 Fescenninas
459 2856 542 2924 acies,
562 2857 729 2932 AEquosque
740 2857 870 2927 Faliscos,

203 2965 246 3023 Hi
258 2962 377 3021 Soraclis
389 2962 497 3019 habent
509 2978 595 3027 arces,
616 2958 799 3034 Flaviniaque
812 2978 887 3029 arva,

202 3068 241 3123 Et
253 3064 364 3123 Cimini
376 3082 443 3121 cum
456 3071 554 3119 monte
565 3060 669 3128 lacum,
689 3060 823 3135 lucosque
836 3061 976 3137 Capenos.

201 3169 287 3225 Ibant
300 3168 404 3241 aequati
417 3182 545 3230 numero,
564 3180 719 3237 regemque
731 3164 884 3219 canebant:

202 3271 264 3328 Ceu
278 3268 424 3345 quondam
437 3264 513 3323 nivel
525 3263 633 3337 liquida
647 3260 721 3323 inter
735 3264 831 3323 nubila
846 3266 937 3341 cycni,
